1965 3236
50 174 232 216 —1043,
251 178 302 205 29.
667 168 809 205 ΠΡΟΣ
842 166 1174 204 ΦΑΙΝΙΠΠΟΝ.
1582 163 1692 204 1073

176 276 399 343 ἄρχοντες
443 278 864 344 συγχωρησάντων
913 278 1095 327 ἐκείνων
1135 276 1384 340 ἀλλήλοις·
1438 275 1501 326 ὧν
1546 277 1588 326 εἴ
1624 299 1692 329 τις

176 360 347 425 ἄκυρον
373 360 605 425 ἡγήσαιτο
633 363 726 411 δεῖν
753 360 865 411 εἶναι
891 360 976 425 τὴν
1004 360 1123 426 πρὸς
1149 360 1393 424 ἀλλήλους
1420 361 1690 425 ὁμολογίαν,

118 473 164 513 ¹9
178 442 420 506 μισήσαιτ’
450 441 507 493 ἂν
533 442 674 494 αὐτὸν
701 446 762 497 ὡς
799 442 1165 509 ὑπερβάλλοντα
1190 442 1504 509 συκοφαντίᾳ.
1569 443 1686 492 Φαί-

178 550 348 580 νιππος
387 528 554 588 τοίνυν,
594 526 757 593 ὥσπερ
798 533 880 577 τοῦ
919 525 1062 590 νόμου
1104 524 1486 592 προστάττοντος
1529 524 1721 581 ἰποιεῖν5

177 611 322 675 μηδὲν
342 610 406 662 ὧν
431 611 488 663 ἂν
509 612 789 679 ὁμολογήσῃ
814 635 897 675 τις,
918 613 995 662 ἀπ’
1018 613 1190 675 ἐκείνης
1216 614 1297 674 τῆς
1323 610 1510 676 ἡμέρας,
1533 613 1617 678 ἀφ’
1640 612 1694 676 ἧς
1732 620 1740 627 '

179 695 492 760 ὡμολόγησεν
518 697 597 746 ἐπί
619 694 695 746 ι’τε
732 695 814 750 τὰς
842 695 1082 749 διαλύσεις
1108 693 1470 758 ἀπαντήσεσθαι
1509 697 1584 744 καὶ
1610 694 1695 759 τὴν

179 779 426 847 ἀπόφασίν
463 804 540 843 μοι
575 779 659 844 τὴν
697 782 839 830 αὑτοῦ
875 779 1045 830 δώσειν
1077 781 1151 830 καὶ
1187 777 1271 842 τὴν
1306 780 1414 845 παρ’
1451 780 1562 841 ἐμοῦ
1601 779 1689 843 λή-

115 886 167 913 20
180 867 374 931 ψεσθαι,
427 864 715 914 οὐδεπώποτ’
768 863 1055 928 ἀπήντησεν·
1116 863 1224 913 ἀλλ’
1270 861 1362 927 ἐγὼ
1406 861 1490 925 μὲν
1540 860 1694 925 ἐπειδὴ
1713 891 1749 912 ιο

179 953 344 998 τοῦτον
370 947 526 1013 ἑώρων
551 949 603 998 οὐ
635 946 935 1014 προσέχοντά
968 970 1047 1009 μοι
1085 946 1166 997 τὸν
1202 951 1309 996 νοῦν
1342 945 1446 996 οὐδὲ
1479 951 1574 1000 τοῖς
1613 944 1693 997 νό-

179 1055 295 1094 μοις,
323 1036 384 1085 εἷς
411 1031 464 1082 τὸ
485 1031 775 1097 στρατήγιον
795 1033 943 1082 ε”δωκα
962 1031 1048 1095 τὴν
1067 1031 1328 1099 ἀπόφασιν,
1349 1031 1482 1085 οὗτος
1504 1034 1561 1093 δ’,
1583 1030 1698 1095 ὅπερ

181 1117 257 1165 καὶ
282 1119 431 1184 μικρῷ
456 1114 685 1182 πρότερον
711 1114 853 1177 εἶπον,
880 1116 1045 1182 πρώην
1071 1115 1217 1166 ἔδωκε’
1235 1138 1314 1178 μοι
1341 1116 1547 1177 βιβλίον,
1568 1113 1700 1164 οὐδὲν

180 1197 330 1249 1ὀίλλο
365 1198 653 1263 βουλόμενος
684 1199 712 1264 ἢ
748 1202 897 1250 δοκεῖν
928 1199 1012 1263 μὲν
1045 1199 1289 1250 δεδωκέναι
1323 1198 1408 1262 τὴν
1436 1197 1698 1265 ἀπόφασιν,

182 1282 246 1347 μὴ
273 1283 394 1350 ἔχειν
421 1283 475 1333 δέ
494 1308 551 1346 με
585 1288 681 1338 τοῖς
706 1286 754 1334 ἐν
780 1284 942 1352 ωαὺτῷ
982 1283 1321 1349 γεγραμμένοις
1349 1283 1373 1333 ὅ
1400 1305 1444 1332 τι
1471 1289 1490 1308 ¹¹
1500 1281 1694 1349 χρήσω·
1716 1305 1750 1335 15

117 1391 161 1419 21
183 1391 279 1430 μαι.
336 1367 427 1434 χρὴ
454 1371 511 1430 δ’,
537 1366 573 1418 ὦ
601 1367 762 1433 ἄνδρες
795 1370 1026 1429 δικασταὶ,
1053 1366 1117 1431 μὴ
1144 1371 1240 1420 τοῖς
1279 1365 1587 1434 ἰσχυροτέραν
1626 1388 1702 1416 νο-

181 1451 367 1517 μίζουσι
394 1456 486 1502 τῶν
514 1450 668 1515 νόμων
693 1451 778 1515 τὴν
805 1453 958 1502 αὑτῶν
990 1452 1245 1517 βδελυρίαν
1271 1449 1398 1513 εἶναι,
1424 1450 1572 1502 πλεόν
1597 1449 1702 1500 τού-

181 1558 276 1588 τοις
302 1542 385 1586 τοῦ
411 1537 586 1587 δικαίου
612 1536 802 1599 0νέμειν·
846 1540 882 1586 εὶ
910 1535 957 1587 δὲ
983 1536 1063 1600 μὴ,
1089 1535 1303 1589 πολλοὺς
1335 1534 1557 1599 ποιήσετε
1595 1534 1702 1587 τοὺς

184 1624 544 1685 καταγελῶντας
582 1625 675 1670 τῶν
706 1623 754 1671 ἐν
780 1626 874 1673 τοῖς
911 1619 1068 1683 νόμοις
1100 1621 1317 1670 Ρδικαίων
1343 1619 1695 1684 γεγραμμένων·
1714 1644 1754 1666 20

183 1705 293 1754 ἀλλ’
335 1705 520 1758 ἐκείνοις
558 1709 760 1769 βοηθεῖν,
797 1706 956 1758 οἵτινες
996 1704 1053 1755 ἂν
1090 1704 1175 1769 τὴν
1211 1709 1304 1754 τῶν
1344 1703 1499 1767 νόμων
1539 1701 1703 1772 φωνὴν

185 1789 407 1855 ὑμετέραν
433 1787 547 1839 εἶναι
581 1790 842 1855 (ῑνομίζωσι,
871 1792 945 1839 καὶ
979 1789 1064 1852 τὴν
1089 1790 1288 1855 Γἡμέραν
1314 1788 1503 1851 ταύτην,
1529 1787 1615 1852 τὴν
1641 1792 1704 1841 εἰς

185 1872 240 1923 τὸ
267 1872 581 1938 δικαστήριον,
610 1872 724 1938 ὑπὲρ
761 1877 855 1923 τῶν
891 1872 1178 1936 ἠδικημένων
1216 1870 1329 1923 εἶναι
1368 1870 1604 1936 νομίζωσι,
1639 1870 1704 1935 μὴ

123 1974 172 2002 22
186 1961 280 2007 τῶν
306 1964 320 1983 ⁵
336 1956 635 2020 ἠδικηκότων.
684 1956 794 2021 λε’γε
819 1961 913 2006 τῶν
940 1957 1108 2022 ἀρτίως
1135 1957 1384 2021 εἰρημένων
1411 1953 1494 2008 τὰς
1518 1978 1700 2022 μαρτυ-

185 2042 288 2105 ριάς
314 2043 390 2091 καὶ
415 2040 522 2094 τοὺς
549 2041 732 2104 νόμους.
1719 2055 1755 2085 25

652 2156 977 2196 MAPTTPIAI.
1035 2157 1238 2196 NOMOI.

262 2243 471 2289 Τοιαῦτα
509 2240 678 2301 τοίνυν,
705 2237 742 2289 ὦ
769 2239 930 2304 ἄνδρες
963 2242 1193 2301 δικασταὶ,
1220 2237 1465 2291 πεπονθὼς
1495 2238 1587 2302 ἐγὼ
1614 2235 1703 2288 ὑπὸ

191 2323 458 2373 Φαινίππου
484 2323 838 2388 ἀπεγραψάμην
868 2321 1014 2386 ῖπρὸς
1040 2320 1146 2375 τοὺς
1173 2320 1469 2387 στρατηγοὺς
1494 2328 1514 2346 “
1531 2319 1703 2384 ταύτην

191 2406 277 2470 τὴν
302 2406 601 2475 ἀπογραφήν.
644 2405 763 2472 λε’γε.

247 2568 254 2594 i
285 2571 392 2604 ποιεῖν
410 2569 530 2615 μηδὲν]
555 2570 754 2615 Legebatur
774 2569 877 2613 μηδὲν
896 2571 1016 2604 ποιεῖν.
1049 2567 1263 2613 Transposui
1284 2578 1375 2601 cum.
1399 2566 1448 2606 S„
1469 2565 1529 2610 qui
1557 2578 1665 2598 ποιειν
1685 2564 1704 2596 ἁ

191 2624 304 2667 μηδεν.
427 2619 446 2646 k
467 2637 502 2656 τε
523 2635 592 2657 om.
615 2624 686 2657 A.r.
807 2620 816 2647 ¹
836 2622 926 2655 ἄλλο
945 2623 1155 2665 βουλόμενος
1174 2620 1192 2664 ἢ
1214 2620 1324 2654 Ass.
1370 2619 1569 2664 Legebatur
1587 2616 1665 2650 ἀλλ’
1686 2616 1703 2659 ἦ

191 2678 410 2720 βουλόμενος.
551 2681 580 2700 m
601 2676 708 2722 αὐτῷ]
732 2676 816 2718 αὐτῇ
836 2677 908 2709 Am.
1051 2681 1069 2699 ¹¹
1089 2673 1270 2720 χρήσωμαι
1291 2673 1485 2706 Bekkerus.
1533 2670 1705 2715 χρήσομαι

191 2729 281 2764 libri.
393 2734 410 2753 ⁰
432 2728 557 2774 νέμειν]
582 2743 699 2772 ναιμην
721 2729 756 2763 S.
868 2734 885 2761 Ρ
906 2727 1039 2762 δικαίων
1058 2728 1298 2773 γεγραμμένων
1320 2726 1354 2759 S.
1398 2723 1637 2770 γεγραμμένων
1656 2722 1704 2754 δι-

193 2799 292 2832 καίων
312 2799 428 2844 vulgo.
541 2804 558 2830 ‘1
580 2797 756 2841 νομίζωσι]
781 2785 955 2840 νομίζουυσι
978 2798 1015 2831 F.
1060 2796 1235 2838 νομίζουσι
1257 2796 1322 2830 Sul
1435 2800 1449 2817 Γ
1469 2793 1593 2837 ἡμέραν
1616 2791 1702 2828 S-Q-

195 2852 393 2897 Legebatur
414 2851 585 2897 ὑμετέραν.
701 2855 714 2874 S
736 2849 953 2895 ἠδικηκότων]
977 2850 1197 2893 ἀδικηθέντων
1217 2862 1244 2883 r.
1358 2848 1371 2872 t
1395 2847 1479 2891 πρὸς
1499 2845 1577 2879 τοὺς
1598 2858 1703 2888 στρα-

193 2905 315 2950 τηγοὺς
335 2916 404 2938 om.
430 2905 465 2938 S.
576 2910 595 2928 ¹¹
617 2902 757 2948 ταύτην]
782 2903 917 2946 ταυτηνὶ
937 2904 1011 2938 A.r.

891 2977 1009 3016 flgz
