1965 3236
24 174 179 224 —801,
201 192 251 214 15.
701 178 842 214 ΠΡΟΣ
875 177 1113 213 ΑψοΒοΝ.
1572 174 1654 216 895

147 286 232 350 τὴν
276 287 418 351 αὐτὴν
462 286 681 351 8γνώμην
726 287 824 349 ἐμοὶ
869 284 1007 352 εἶχον,
1048 285 1207 335 ἵάλλά
1251 288 1447 336 κάκεῖνοι
1495 307 1648 349 παρα-

146 369 439 434 στησάμενοι
484 368 592 422 τοὺς
635 373 816 430 παῖδας,
856 368 970 434 ὑπὲρ
1007 367 1072 419 ὧν
1113 369 1453 435 ἐμαρτύρησαν,
1492 368 1654 418 πίστιν

145 454 366 504 ἐπιθεῖναι
396 452 639 515 ἠθέλησαν
672 453 770 502 κατ’
800 452 995 502 ἐκείνων.
1054 459 1074 477 ¹¹
1092 453 1116 501 ὁ
1152 455 1192 502 δ’
1220 453 1315 502 οὔτ’
1344 452 1527 503 ἐκείνοις
1560 450 1651 500 οὔτ’

146 538 245 599 ἐμοὶ
280 539 437 586 δοῦναι
475 535 557 586 τὸν
595 536 734 602 ὅρκον
767 536 984 604 ἠξίωσεν,
1018 538 1130 585 ἀλλ’
1158 537 1231 585 ἐπὶ
1270 536 1430 599 λόγοις
1464 541 1482 559 x
1500 555 1650 596 μεμη-
1670 556 1709 577 20

144 619 419 685 χανημένοις
452 620 525 668 καὶ
557 617 791 684 μάρτυσιν
817 620 870 668 οὐ
900 621 1083 681 τάληθῆ
1109 623 1357 683 μαρτυρεῖν
1383 617 1656 679 εἰθισμένοις

143 701 197 752 τὸ
223 706 420 767 πρᾶγμα
446 701 751 765 καταστήσας
778 701 950 767 ἐλπίζει
975 702 1144 769 ῥᾳδίως
1176 703 1291 764 ὑμᾶς
1323 699 1652 769 ἐξαπατήσειν.

144 781 265 842 λαβὲ
292 783 372 832 οὖν
399 784 552 836 αὐτοῖς
579 786 653 833 καὶ
679 783 852 847 ταύτην
877 782 961 846 τὴν
987 784 1260 849 μαρτυρίαν.

753 883 1055 922 ΜΑΡΤΤΡΙΑ.

79 961 134 1011 64
222 957 332 1006 Πῶς
372 954 451 1003 οὖν
488 954 545 1003 ἄν
583 976 650 1006 τις
689 953 990 1019 σαφέστερον
1029 953 1284 1021 ἐξελέγξειε
1323 957 1652 1020 συκοφαντου-
1671 970 1708 1001 25

143 1037 308 1100 μένους
346 1038 466 1100 ἡμᾶς
510 1039 584 1087 καὶ
625 1036 1186 1102 Υκαταμεμαρτυρημένον
1224 1039 1407 1099 τάληθῆ
1454 1039 1529 1086 καὶ
1572 1037 1658 1100 τὴν

145 1122 276 1184 δίκην
302 1121 486 1173 δικαίως
512 1120 811 1188 ὠφλημένην,
836 1119 864 1183 ἢ
891 1125 1057 1170 τοῦτον
1090 1119 1171 1170 τὸν
1202 1120 1378 1185 τρόπον
1409 1119 1657 1172 ἐπιδεικνὺς

144 1204 323 1268 οἰκέτην
366 1202 448 1254 τὸν
495 1202 579 1264 τὴν
629 1203 888 1268 μαρτυρίαν
932 1202 1162 1268 γράφοντ’
1204 1204 1286 1252 οὐκ
1331 1202 1659 1265 Ζέθελήσαντα

143 1294 309 1339 τοῦτον
328 1287 598 1353 βασανίζειν
618 1288 721 1352 περὶ
744 1288 895 1336 αὐτῶν
915 1290 1008 1335 τῶν
1034 1286 1468 1350 μεμαρτυρημένων,
1489 1286 1658 1336 Αἴσιον
1675 1296 1750 1334 86[

144 1371 226 1423 τὸν
261 1371 471 1439 ἀδελφὸν
505 1372 646 1421 αὐτοῦ
684 1377 829 1421 ταῦτα
867 1368 1253 1435 μεμαρτυρηκότα
1292 1370 1322 1419 ἅ
1359 1375 1509 1437 φησιν
1548 1368 1659 1420 εἶναι

79 1456 130 1509 65
146 1458 312 1523 ψευδῆ,
355 1461 520 1505 τοῦτον
570 1452 710 1504 αὐτὸν
759 1452 906 1503 ταύτὰ
955 1457 1048 1505 τοῖς
1099 1451 1332 1518 μάρτυσιν
1384 1452 1461 1506 οὓς
1508 1453 1659 1503 διώκει

1332 1535 1350 1561 b

146 1539 531 1604 μεμαρτυρηκότα
570 1544 681 1599 ημοι
726 1535 844 1586 κατὰ
888 1534 1117 1599 Δήμωνος
1161 1536 1294 1589 ὄντος
1367 1537 1491 1604 αὐτῷ
1537 1538 1688 1588 θείου5

144 1624 218 1672 καὶ
262 1620 621 1686 συνεπιτρόπου,
661 1619 744 1672 τὰς
786 1620 1066 1685 θεραπαίνας
1105 1620 1186 1669 οὐκ
1227 1619 1502 1682 ἐθελήσανθ’
1546 1620 1658 1684 ὑπὲρ

143 1710 226 1755 τοῦ
252 1704 334 1754 τὸν
361 1704 609 1769 ἄνθρωπον
635 1703 876 1769 ἐλεύθερον
902 1700 1037 1752 οεῖναι
1064 1702 1345 1767 βασανίζειν,
1373 1702 1457 1765 τὴν
1482 1705 1660 1768 μητέρα

668 1785 687 1812 d

143 1787 228 1852 τὴν
253 1789 452 1851 ἐμαυτοῦ
478 1788 641 1837 πίστιν
696 1788 801 1852 περὶ
827 1785 1003 1836 τούτων
1031 1788 1250 1836 ἐπιθεῖναι
1278 1787 1378 1836 καθ’
1407 1787 1538 1849 ἡμῶν
1564 1786 1660 1836 ἐθέ-

144 1879 343 1934 λουσαν,
369 1877 462 1922 τῶν
495 1871 660 1922 ἄλλων
694 1874 882 1921 οἰκετῶν
913 1871 995 1920 οὑκ
1021 1869 1272 1920 Εέθέλοντα
1307 1875 1472 1920 τοῦτον
1509 1893 1659 1936 παρα-

146 1955 408 2018 λαμβάνειν
434 1954 615 2006 Ῑούδένα
640 1959 734 2005 τῶν
757 1953 893 2005 πάντ’
916 1952 1103 2004 εἰδότων
1124 1960 1142 1987 g
1151 1957 1339 2015 μᾶλλον
1364 1951 1392 2016 ἢ
1419 1951 1438 1978 ¹¹
1453 1952 1659 2014 Μιλύας,
1678 1981 1713 2002 ιο

145 2044 239 2090 τῶν
272 2039 520 2105 μαρτύρων
554 2039 595 2089 οἳ
629 2037 1004 2103 κατεμαρτύρουν
1035 2035 1233 2103 χρήματ’
1263 2036 1382 2102 ἔχειν
1409 2035 1549 2086 αὑτὸν
1575 2037 1653 2086 οὐ·

81 2131 134 2170 66
149 2125 239 2173 δενῖ
283 2127 376 2173 τῶν
413 2122 854 2189 ἰψευδομαρτυριῶν
898 2120 1262 2184 ἐπεσκημμένον,
1305 2119 1390 2183 τὴν
1435 2119 1659 2184 διαθήκην

146 2206 227 2255 οὐκ
261 2204 526 2255 Ῑάποδόντα
568 2202 671 2254 οὐδὲ
714 2203 796 2253 τὸν
835 2202 960 2253 οἶκον
1005 2203 1321 2265 μισθώσαντα
1367 2207 1460 2252 τῶν
1505 2201 1659 2265 νόμων

145 2287 441 2348 κελευόντων,
467 2288 630 2338 πίστιν
662 2288 882 2337 ἐπιθεῖναι
916 2285 1270 2351 1ςπροομνύντος
1305 2287 1417 2347 ἐμοῦ
1455 2287 1529 2335 καὶ
1564 2289 1658 2335 τῶν
1675 2306 1709 2337 15

199 2405 213 2425 S
233 2402 368 2444 γνώμην
388 2400 477 2446 ἐμοὶ]
502 2415 559 2444 μοι
581 2401 713 2444 γνώμην
734 2399 772 2432 F.
865 2397 877 2422 t
896 2398 986 2432 ἀλλὰ
1007 2397 1165 2443 κάκεῖνοι]
1190 2396 1267 2431 ἀλλ’
1289 2397 1407 2431 ἐκεῖνοι
1428 2398 1462 2431 S.
1552 2403 1571 2421 ¹¹
1593 2398 1610 2429 ὁ
1631 2396 1658 2430 δ’

1007 2462 1015 2478 l

145 2488 217 2520 A.r.
266 2487 464 2532 Legebatur
491 2487 508 2518 ὁ
535 2484 564 2519 δ’
585 2484 654 2518 οὔτ’
674 2486 796 2519 αὐτοῖς.
840 2482 910 2517 οὔτ’
930 2484 1039 2517 αὐτοσ
1061 2484 1109 2525 S„
1133 2498 1143 2517 ι
1167 2484 1210 2517 ab
1230 2484 1362 2524 eadem,
1383 2489 1422 2517 ut
1444 2484 1590 2523 videtur,
1611 2495 1658 2516 m.

146 2540 287 2585 scripto.
375 2545 394 2563 Χ
413 2537 717 2583 μεμηχανημένοις]
742 2536 961 2581 μεμνημένοις
983 2537 1018 2571 S.
1104 2543 1123 2570 Y
1143 2536 1537 2582 καταμεμαρτυρημένον]
1562 2550 1660 2569 κατα-

144 2593 459 2637 μεμαρτυρημένους
479 2592 550 2626 A.r.
672 2596 689 2615 2
710 2589 935 2634 ἐθελήσαντα]
961 2589 1170 2633 ἐθελήσοντα
1191 2590 1226 2625 S.
1355 2595 1373 2613 a
1392 2589 1467 2635 μοι]
1490 2590 1562 2633 ἐμοὶ
1582 2590 1657 2623 Α.ι·.

146 2642 165 2670 b
186 2645 290 2692 αὐτῷ]
315 2646 418 2678 αὐτοῦ
438 2646 510 2678 A.r.
619 2650 635 2669 ⁰
655 2640 737 2677 εἶναι
757 2655 826 2677 om.
847 2655 899 2688 pr.
923 2643 957 2676 S.
974 2656 981 2676 ε
1012 2643 1145 2676 addidit
1165 2655 1210 2676 m.
1231 2643 1386 2687 antiqua.
1489 2639 1508 2666 d
1527 2642 1603 2686 περὶ
1626 2641 1658 2673 in

149 2698 183 2731 S.
212 2698 385 2743 supplevit
411 2709 534 2731 manus
565 2697 708 2742 antiqua
733 2696 769 2730 in
796 2695 908 2741 spatio
932 2697 1026 2741 quod
1046 2708 1193 2729 vacuum
1219 2696 1379 2729 consulto
1404 2695 1590 2740 reliquerat
1618 2694 1657 2726 li-

146 2751 291 2785 brariuS.
376 2755 391 2774 Ε
411 2751 587 2796 ἐθέλοντα]
614 2750 823 2792 ἐθελήσαντα
841 2749 915 2783 A.r.
1001 2745 1015 2772 f
1031 2749 1148 2782 οὐδένα
1168 2749 1251 2794 τῶν]
1277 2748 1374 2782 οὐδέν
1393 2748 1502 2781 αὐτῶν
1523 2747 1561 2781 F.
1592 2749 1659 2779 τῶν

149 2804 293 2847 (omisso
314 2803 445 2846 οὐδένα)
468 2803 503 2836 S.
600 2808 620 2835 g
639 2804 774 2845 μᾶλλον
793 2801 811 2844 ἢ
833 2800 982 2846 Μιλύας]
1007 2800 1025 2845 ἢ
1048 2800 1181 2836 Μιλύας
1199 2803 1333 2845 μᾶλλον
1354 2801 1388 2834 S.
1407 2814 1414 2834 z
1446 2800 1505 2834 sed
1524 2804 1658 2832 rectum

148 2856 305 2890 ordinem
324 2856 477 2889 restituit
496 2856 655 2889 librarius
674 2855 811 2889 lineolis
832 2855 1011 2900 appositis.
1081 2852 1101 2878 h
1123 2853 1271 2900 Μιλύας]
1293 2853 1416 2897 μιλύαν
1431 2853 1471 2886 A.
1541 2849 1548 2876 ἱ
1570 2852 1658 2894 ψευ-

147 2908 395 2954 δομαρτυριῶν]
422 2907 713 2954 ψευδομαρτύρων
733 2908 771 2941 F.
879 2904 891 2940 j
913 2907 1098 2952 ἀποδόντα]
1123 2907 1325 2941 ἀποδιδόντα
1346 2907 1387 2939 A.
1419 2905 1609 2939 ἐπιδιδόντα
1630 2916 1657 2937 l'.

147 2958 166 2985 k
187 2960 433 3008 προομνύντος]
456 2960 708 3007 προομνὺοντος
728 2962 798 2994 Α.ι·.

204 3037 299 3062 VOL.
323 3036 390 3062 111.
897 3035 926 3059 Η.
