1965 3236
36 161 238 220 -843‚9.
684 172 826 209 ΚΑΤΑ
859 173 1079 210 ΑΦΟΒΟΥ
1111 175 1154 210 Β.
1585 174 1669 215 877

159 287 446 334 σκοποῦντες
481 283 556 331 καὶ
590 282 750 331 τᾶλλα
785 281 1083 344 μνησθέντες,
1118 281 1145 349 ᾗ
1177 284 1351 333 δίκαιόν
1382 285 1498 345 ἐστι,
1524 285 1669 352 ταύτῃ

158 362 569 431 Ῐ”διαψηφίσασθε.
635 366 817 418 πίστεις
862 367 902 414 δ’
948 366 1068 432 ἔχεθ’
1115 366 1272 419 ἱκανὰς
1315 369 1364 417 ἐκ
1407 367 1668 434 μαρτύρων,
1684 380 1762 435 843

158 449 207 497 ἐκ
233 448 503 513 τεκμηρίων,
529 449 578 497 ἐκ
603 452 697 497 τῶν
723 447 925 510 εἰκότων,
952 449 1038 517 ge}
1061 448 1124 499 ὧν
1151 449 1307 500 ὴοῦτοι
1338 456 1504 511 λαβεῖν
1530 450 1664 514 ὶὁμο-

159 536 388 594 λογοῦσιν
413 529 590 596 Κὰθρόα
625 530 763 593 τάμά.
819 530 827 557 ¹

837 537 984 582 ταῦτα
1016 534 1052 582 δ’
1082 534 1369 596 ἁνηλωκεναι
1405 536 1556 602 φασιν
1587 536 1669 585 οὐκ

95 618 145 659 28
158 611 463 675 ἀνηλωκότες,
492 614 600 663 ἀλλ’
629 614 758 663 αὐτοὶ
792 613 926 664 πάντ’
955 614 1153 681 ἔχοντες.
1209 615 1273 665 ὧν
1305 618 1669 680 ἐνθυμουμένους

155 695 247 763 χρὴ
272 696 572 760 ποιήσασθαί
598 719 700 746 τινα
726 697 856 760 ἡμῶν
882 696 1118 762 πρόνοιαν,
1145 699 1321 752 εἰδότας
1355 699 1425 750 ὅτι
1459 700 1550 765 ἐγὼ
1584 700 1697 764 μένε

156 781 393 840 τάμαυτοῦ
425 781 479 830 δι’
510 781 638 843 ὑμῶν
672 779 983 844 κομισάμενος
1021 779 1206 834 εἰκότως
1243 788 1528 848 λειτουργεῖν
1563 784 1662 833 ἐθε-

157 861 311 926 λήσω,
349 862 540 929 χάριτας
581 871 610 889 ¹¹¹
626 864 831 931 ὀφείλων
869 863 939 913 ὅτι
977 871 994 889 ¹¹
1011 887 1090 927 μοι
1129 866 1312 918 δικαίως
1351 866 1545 916 ἀπέδοτε
1583 865 1668 930 τὴν

158 947 337 1009 οὐσίαν,
376 946 508 1000 οὗτος
547 947 599 1008 δ’,
638 947 717 996 ἐὰν
755 945 896 997 αὑτὸν
935 948 1162 1011 ποιήσητε
1206 953 1300 998 τῶν
1337 950 1459 1011 ἐμῶν
1497 948 1667 1014 κύριον,

158 1029 288 1080 οὐδὲν
325 1029 511 1094 ποιήσει
553 1036 775 1081 τοιοῦτον.
833 1029 898 1093 μὴ
937 1029 1029 1096 γὰρ
1069 1030 1222 1081 οἴεσθε
1260 1031 1414 1093 αὐτὸν,
1454 1031 1567 1097 ὑπὲρ
1605 1030 1723 1082 (Sym

158 1114 351 1180 ἤρνηται
378 1120 396 1139 ⁰
406 1113 470 1177 μὴ
498 1118 678 1175 λαβεῖν,
707 1112 818 1179 ὑπὲρ
845 1112 1022 1164 τούτων
1055 1114 1160 1178 ὑμῖν
1192 1119 1477 1180 λειτουργεῖν
1509 1114 1670 1178 ἐθελή-

157 1220 273 1258 σειν,
314 1198 422 1247 ἀλλ’
464 1197 862 1264 Ράποκρύψεσθαι
907 1201 1109 1259 μᾶλλον,
1154 1198 1230 1248 ἵνα
1268 1199 1450 1251 δικαίως
1488 1199 1667 1249 ἀποπε-

158 1281 378 1348 φευγέναι
405 1284 517 1348 δοκῇ
533 1288 565 1332 q.

858 1527 969 1574 ΚΘ.

188 1655 432 1708 ΥΠΡΟΣ
487 1656 815 1709 ΑΦΟΒΟΝ
863 1657 1636 1710 ΨΕΤΔΟΜΑΡἹῪΡΙΩΝ.

829 1819 999 1827 --.

793 1929 1029 1960 ΥΠΟΘΕΣΙΣ.

214 2017 413 2061 Κρινόμενος
440 2017 498 2059 τῆς
528 2016 711 2061 ἐπιτροπῆς
737 2015 897 2061 ’Ἄφοβος
930 2015 1041 2060 ἐξῄτει
1073 2017 1164 2061 παρὰ
1192 2016 1432 2060 Δημοσθένους
1459 2015 1596 2050 Μιλύαν
1623 2015 1670 2050 εἷς

155 2078 321 2117 βάσανον,
346 2079 442 2114 εἰδὼς
468 2080 507 2112 οὐ
537 2079 779 2123 δοθησόμενον.
816 2080 855 2113 οὐ
882 2080 948 2125 γὰρ
975 2078 1086 2113 ἐδίδου
1112 2081 1342 2123 Δημοσθένης,
1364 2082 1508 2125 φάσκων
1532 2081 1591 2115 οὐκ
1617 2081 1665 2114 οἶ-

301 2142 308 2152 ,
359 2141 367 2153 2
402 2142 408 2153 ‚
460 2141 468 2151 r
618 2139 632 2153 ς
738 2144 744 2155 =
878 2141 886 2151 l
977 2143 983 2153 ⁷
1167 2144 1173 2151 ι
1270 2143 1278 2154 (
1317 2144 1323 2155 ,
1402 2146 1416 2153 Α
1542 2144 1548 2156 ,
1617 2142 1630 2155 q

158 2156 265 2185 κετην,
290 2144 357 2175 αλλ
392 2143 571 2188 ελευθερον
599 2157 682 2175 ειναι
710 2157 770 2176 τον
795 2145 941 2183 Μιλυαν,
968 2143 1235 2187 ελευθερωθεντα
1264 2157 1329 2176 υπο
1357 2158 1417 2177 του
1445 2157 1584 2189 πατρος,
1611 2150 1697 2180 οτε5

157 2204 327 2245 ἐτελεύτα,
358 2206 410 2239 καὶ
439 2207 486 2240 εἰς
513 2205 636 2239 τούτου
663 2206 782 2239 πίστιν
810 2206 902 2239 ἅλλα
930 2221 966 2239 τε
994 2208 1224 2251 παρεχόμενος
1253 2208 1305 2240 καὶ
1333 2207 1373 2250 δὴ
1402 2209 1454 2241 καὶ
1483 2206 1668 2252 μαρτυρίαν

158 2277 171 2293 ε
187 2270 307 2310 Φάνου,
331 2269 376 2304 ὡς
401 2269 612 2314 ἐμαρτύρησε
642 2270 725 2314 πρὸς
754 2269 832 2304 τοὺς
859 2270 1034 2308 δικαστὰς,
1063 2271 1208 2314 φάσκων
1235 2271 1485 2316 ὡμολογηκέναι
1506 2270 1668 2316 ’Ἄφοβον

210 2404 224 2431 f
242 2406 524 2451 διαψηφίσασθε]
549 2404 760 2450 ψηφίσησθε
782 2407 816 2440 S.
892 2412 913 2439 g
931 2407 985 2452 ἐξ]
1005 2409 1071 2440 τῶν
1088 2407 1124 2451 ἐξ
1141 2408 1191 2447 S„
1209 2408 1270 2441 sed
1288 2411 1354 2441 τῶν
1374 2408 1512 2453 punctis
1533 2413 1666 2442 notato.

157 2457 175 2483 h
198 2459 307 2505 οὗτοι]
331 2461 392 2502 μὲν
412 2459 543 2493 addidit
563 2471 686 2492 manus
708 2460 850 2504 antiqua
869 2460 905 2493 in
927 2459 963 2494 S.
1062 2457 1071 2484 ί
1091 2459 1337 2505 ὁμολογοῦσιν]
1361 2462 1608 2505 ὁμολογοῦντες
1628 2461 1664 2495 S.

158 2509 176 2536 k
204 2512 307 2557 ἁθρόα
329 2514 369 2545 A.
403 2512 507 2555 ἀθρόα
527 2512 642 2557 vulgo.
832 2509 841 2536 Ῑ
867 2515 972 2546 ταῦτα
995 2513 1022 2546 δ’
1044 2512 1264 2558 ἀνηλωκέναι]
1295 2512 1387 2547 ταῦτ’
1406 2514 1609 2557 ἀνηλωκέναι
1631 2514 1666 2547 S.

158 2571 186 2588 ¹¹²
209 2564 375 2610 ὀφείλων]
400 2564 519 2609 ὅφλων
539 2566 613 2598 Α.Ι“.
691 2571 709 2589 ¹¹
728 2564 803 2611 μοι]
827 2580 891 2608 μου
911 2566 952 2599 A.
1028 2571 1046 2589 0
1065 2566 1110 2609 μὴ
1130 2577 1200 2599 om.
1218 2567 1289 2599 Am.
1365 2572 1384 2599 P
1403 2565 1666 2611 ἀποκρύψεσθαι

158 2618 332 2651 Reiskius.
363 2617 630 2662 ἀποκρύψασθαι
650 2618 738 2651 libri.
848 2624 867 2650 q
893 2618 933 2651 In
957 2619 990 2652 S.
1012 2619 1247 2663 subscriptum
1266 2619 1350 2663 πρὸς
1369 2618 1504 2663 ἄφοβον
1524 2620 1542 2651 ὁ
1562 2618 1663 2652 ὕστε-

155 2685 224 2715 ρος.
258 2676 459 2704 ΗΗΔΔΔΔ.
490 2676 517 2727 A}
539 2671 575 2713 (i.
593 2682 622 2704 e.
645 2671 869 2715 Διώρθωται.)
929 2671 971 2704 In
992 2672 1032 2705 B.
1055 2672 1136 2705 κατὰ
1155 2671 1292 2715 ἀφόβου
1310 2674 1346 2712 β,
1369 2671 1497 2705 omisso
1520 2682 1666 2705 numero

156 2757 330 2778 versuum.
409 2751 424 2769 ¹·
446 2750 562 2779 ΠΡΟΣ
582 2745 779 2791 ΑΦΟΒΟΝ]
804 2746 959 2779 Titulum
980 2758 1049 2780 om.
1069 2746 1105 2780 S.
1137 2752 1252 2780 ΥΠΕΡ
1273 2751 1422 2779 ΦΑΝΟΥ
1441 2746 1482 2778 Α.
1514 2745 1667 2790 Vulgata

157 2798 327 2842 scriptura
355 2804 407 2832 est
436 2798 471 2830 in
497 2799 538 2832 B.
568 2810 671 2843 quem
699 2799 793 2843 quod
821 2804 900 2843 post
925 2799 1230 2844 ψευδομαρτυριῶν
1254 2799 1359 2832 verba
1385 2798 1462 2842 περὶ
1491 2798 1666 2841 στεφάνου

156 2850 281 2884 addere
302 2850 349 2883 ait
365 2850 539 2890 Reiskius‚
555 2852 691 2885 duobus
711 2852 822 2885 modis
844 2852 979 2885 erravit.
1021 2852 1176 2885 Primum
1196 2852 1289 2885 enim
1309 2852 1378 2884 duo
1393 2851 1497 2883 verba
1516 2849 1574 2882 illa
1593 2861 1664 2883 non

156 2903 191 2935 in
214 2903 440 2947 inscriptione
460 2904 636 2943 orationis,
658 2904 719 2937 sed
738 2905 773 2937 in
793 2904 1019 2949 inscriptione
1040 2904 1232 2939 ὑποθέσεως
1251 2904 1426 2948 leguntur,
1447 2902 1572 2936 deinde
1593 2913 1664 2936 non

157 2957 244 2999 περὶ,
265 2956 326 2989 sed
345 2956 428 3000 ὑπὲρ
449 2956 615 3002 scriptum
636 2963 700 2990 est.
804 2962 818 2980 s
839 2958 948 2991 Φάνου
968 2963 1048 3002 post
1067 2957 1207 2991 lituram
1229 2957 1266 2991 F.
1298 2955 1471 3000 Στεφάνου
1491 2955 1609 2999 vulgo.
