1965 3236
278 142 390 180 1158
805 140 1267 195 [ΔΗΜΟΣΘΕΝΟΎΣ]
1355 140 1434 180 On.
1456 139 1625 180 XLVI.
1648 153 1689 194 p.
1711 151 1832 194 1132>
1847 155 1922 178 4-—

928 258 1149 299 NOMOE.

389 328 522 370 ’Έστω
555 330 596 369 δὲ
628 330 689 369 καὶ
719 330 899 370 ὑπόδικος
930 332 1005 368 τῶν
1033 330 1378 380 ψευδομαρτυριῶν
1406 328 1426 366 ὁ
1457 326 1704 378 μαρτυρήσας
1733 327 1797 367 αὐ-

336 399 403 436 τοῦ
434 398 582 446 τούτου,
615 397 673 436 ὅτι
705 400 893 447 μαρτυρεῖ
923 397 1028 447 παρὰ
1058 395 1128 434 τὸν
1159 395 1290 445 νόμον·
1330 395 1391 434 καὶ
1423 395 1442 433 ὁ
1473 392 1826 445 Ιπροβαλόμενος5

337 467 434 505 κατὰ
457 465 586 505 ταύτά.
836 475 838 477 ’

214 559 261 600 13
344 543 455 595 ’Έτι
490 545 644 595 τοίνυν
671 542 800 594 Ϊῐικάν
832 542 925 593 ἀπὸ
957 547 1039 592 τοῦ
1072 541 1392 608 γραμματείου
1418 541 1550 605 γνοίη
1576 562 1658 601 τις,
1686 540 1733 588 ἐν
1761 536 1798 607 ᾧ

279 628 306 691 ἡ
362 628 595 694 μαρτυρία
645 626 923 693 γέγραπται,
979 625 1049 675 ὅτι
1110 624 1169 675 τὰ
1219 626 1371 692 ψευδῆ
1427 622 1791 688 μεμαρτύρηκεν.

279 712 629 775 λελευκωμένον
661 733 710 761 τε
745 709 837 776 γάρ
874 711 976 760 ἐστι
1016 711 1090 759 καὶ
1130 708 1306 758 οἴκοθεν
1341 705 1792 768 κατεσκευασμένον.

279 797 427 847 καίτοι
464 794 571 848 τοὺς
610 793 696 858 μὲν
734 792 793 844 τὰ
831 792 1137 858 πεπραγμένα
1181 796 1530 857 μαρτυροῦντας
1568 788 1796 855 προσήκει
1814 810 1851 831 ¹0

279 881 459 931 οἴκοθεν
497 879 580 933 τὰς
621 878 877 944 μαρτυρίας
915 875 1353 938 κατεσκευασμένας
1391 878 1653 939 μαρτυρεῖν,
1691 871 1798 925 τοὺς

279 963 327 1014 δὲ
365 963 448 1017 τὰς
489 961 779 1029 προκλήσεις
824 966 1174 1027 μαρτυροῦντας
1219 958 1325 1011 τοὺς
1370 958 1463 1009 ἀπὸ
1505 957 1798 1020 ταύτομάτου

278 1046 582 1113 προστάντας
607 1047 685 1096 11ἐν
711 1045 873 1112 μάλθῃ
901 1043 1257 1110 0γεγραμμένην
1290 1041 1375 1106 τὴν
1410 1042 1681 1107 μαρτυρίαν,
1708 1041 1794 1091 Ι’ἵν’

279 1132 337 1181 ἄν
362 1154 406 1181 τι
432 1129 750 1197 προσγράψαι
777 1128 804 1193 ἦ
833 1131 1097 1196 ἀπαλεῖψαι
1123 1129 1354 1193 βουληθῇ,
1380 1124 1541 1193 ῥᾴδιον
1567 1122 1645 1191 (Ῑῇ.

219 1238 268 1275 14
354 1216 543 1266 Οὐκοῦν
581 1213 700 1265 κατὰ
737 1213 821 1277 μὲν
858 1219 1005 1264 ταῦτα
1050 1210 1205 1263 πάντα
1247 1210 1543 1278 ἐξελέγχεται
1582 1207 1640 1258 τὰ
1678 1211 1847 1275 ψευ-ῐῡ

280 1301 336 1362 δὴ
388 1297 755 1364 μεμαρτυρηκὼς
805 1300 879 1347 καὶ
935 1295 1064 1361 παρὰ
1114 1294 1195 1345 τὸν
1253 1293 1411 1356 νόμον·
1469 1291 1704 1354 βούλομαι
1755 1294 1795 1341 δ’

281 1384 387 1445 ὑμῖν
424 1385 499 1432 καὶ
539 1379 651 1431 αὐτὸ
687 1386 825 1431 τοῦτο
860 1379 1096 1446 ἐπιδεῖξαι,
1133 1381 1193 1431 ὡς
1233 1379 1335 1427 οὔτε
1372 1376 1544 1426 διέθετο
1581 1377 1605 1425 ὁ
1644 1374 1800 1440 πατὴρ

281 1465 412 1527 ἡμῶν
446 1462 669 1527 διαθήκην
705 1462 920 1525 οὐδεμίαν
956 1463 1050 1512 οὔθ’
1080 1464 1121 1510 οἱ
1161 1458 1294 1523 νόμοι
1329 1460 1483 1509 ἐῶσιν.
1535 1462 1571 1508 εἷ
1606 1457 1698 1523 γάρ
1730 1480 1798 1510 τις

281 1546 429 1611 ἔροιτο
469 1547 586 1608 ὑμᾶς
625 1546 725 1595 καθ’
764 1543 948 1596 ὁποίους
987 1542 1153 1605 νόμους
1191 1545 1261 1592 δεῖ
1293 1539 1625 1591 πολιτεύεσθαι
1663 1541 1795 1603 ἡμᾶς,
1810 1562 1850 1583 20

219 1651 267 1692 15
283 1632 428 1692 δῆλον
473 1629 543 1679 ὅτι
584 1628 908 1693 ἀποκρίναισθ’
951 1625 1008 1676 ἂν
1047 1625 1165 1676 κατὰ
1210 1623 1315 1677 τοὺς
1362 1624 1604 1687 κειμένους.
1666 1621 1797 1672 ἀλλὰ

279 1712 374 1776 μὴν
413 1713 459 1763 οἵ
498 1735 550 1778 γε
596 1710 728 1775 νόμοι
767 1710 1115 1776 ἀπαγορεύουσι
1154 1708 1268 1773 μηδὲ
1308 1708 1450 1771 νόμον
1489 1707 1688 1775 Ζέξεῖναι
1727 1707 1796 1757 ἐπ’

279 1798 411 1862 ἀνδρὶ
438 1800 595 1857 θεῖναι,
617 1793 672 1845 ἂν
698 1793 763 1858 μὴ
790 1793 872 1844 τὸν
899 1793 1038 1844 αὐτὸν
1065 1795 1136 1861 ἐφ’
1165 1791 1345 1843 ἅπασιν
1370 1791 1650 1854 Ἀθηναίοις.
1694 1791 1799 1840 οὐκ-

279 1886 361 1931 οῦν
397 1882 421 1930 ὁ
459 1879 543 1943 μὲν
579 1878 718 1942 νόμος
753 1880 914 1928 οὑτοσὶ
949 1882 1045 1930 τοῖς
1080 1878 1234 1930 αὐτοῖς
1273 1876 1430 1937 νόμοις
1464 1874 1795 1925 πολιτεύεσθαι

278 1964 398 2026 ἡμᾶς
433 1962 605 2013 κελεύει
645 1963 719 2012 καὶ
759 1962 840 2011 οὐκ
879 1961 1092 2013 8οἴλλοις.
1156 1961 1180 2009 ὁ
1217 1958 1265 2008 δὲ
1303 1958 1458 2024 πατὴρ
1493 1958 1795 2021 ἐτελεύτησεν
1810 1977 1844 2005 25

278 2048 351 2097 ἐπὶ
379 2045 678 2109 Δυσνικήτου
704 2045 944 2111 ἄρχοντος,
971 2045 995 2093 ὁ
1022 2043 1069 2094 δὲ
1097 2044 1318 2108 Φορμίων
1342 2043 1590 2105 Ἀθηναῖος
1617 2041 1795 2106 ἐγένετο

278 2131 352 2180 ἐπὶ
380 2128 662 2197 Νικοφήμου
689 2128 928 2194 ἄρχοντος,
958 2126 1133 2195 δεκάτῳ
1167 2126 1253 2176 ἔτει
1292 2127 1488 2191 ὕστερον
1523 2124 1550 2189 ἢ
1585 2126 1609 2175 ὁ
1641 2124 1797 2190 πατὴρ

214 2214 409 2276 χόὴμῶν
448 2212 689 2263 ἀπέθανεν.
754 2215 854 2264 πῶς
893 2209 950 2260 ἂν
995 2211 1075 2260 οῦν
1119 2208 1183 2273 μὴ
1227 2208 1355 2262 εἰδὼς
1398 2211 1423 2259 ὁ
1460 2208 1615 2274 πατὴρ
1656 2207 1797 2258 αὑτὸν

276 2296 529 2359 Ἀθηναῖον
567 2293 792 2357 ἐσόμενον
837 2293 1002 2343 ἔδωκεν
1042 2291 1099 2342 ἂν
1137 2291 1223 2356 τὴν
1268 2293 1431 2342 ἑαυτοῦ
1469 2297 1679 2356 γυναῖκα,
1719 2293 1793 2340 καὶ

276 2378 631 2443 προεπηλάκισε
668 2377 753 2440 μὲν
792 2374 848 2426 ἂν
883 2376 1017 2439 ἡμᾶς,
1053 2374 1378 2442 κατεφρόνησε
1414 2377 1454 2423 δ’
1488 2372 1545 2423 ἂν
1580 2377 1662 2437 τῆς
1697 2377 1787 2425 δω-
1815 2391 1916 2432 ¹¹33

276 2465 381 2525 ρεᾶς
420 2460 474 2523 ἧς
511 2461 618 2526 παρ’
658 2461 786 2522 ὑμῶν
824 2458 986 2519 ἔλαβε,
1025 2461 1210 2524 παρεῖδε
1251 2460 1288 2508 δ’
1325 2457 1383 2508 ἂν
1417 2456 1553 2510 ῖτοὺς
1591 2457 1790 2521 νόμους;

334 2597 342 2626 l
362 2600 620 2644 προβαλόμενος
640 2598 815 2631 Reiskius.
847 2599 1127 2642 προβαλλόμενος
1145 2597 1234 2631 libri.
1346 2604 1375 2622 m
1396 2595 1472 2643 κᾶν]
1497 2599 1549 2631 καὶ
1570 2597 1613 2636 Q.
1719 2603 1738 2621 Π
1759 2598 1793 2631 ἐν

280 2685 453 2720 Reiskius.
490 2684 687 2729 Legebatur
708 2684 759 2716 καὶ
780 2683 824 2716 ε’ν.
908 2689 926 2707 0
947 2682 1194 2729 γεγραμμένην]
1220 2660 1459 2728 γε’)ιραμμένῖἶν5
1473 2684 1510 2716 F.
1540 2684 1792 2728 γεγραμμένους

279 2740 324 2777 Q.
417 2744 436 2771 Ι)
456 2737 495 2771 ἵν’
518 2738 574 2770 ἐάν
595 2736 803 2770 Sehaeferus.
840 2736 1038 2781 Legebatur
1058 2735 1098 2769 ἵν’
1119 2734 1159 2770 ε’ί.
1246 2743 1264 2769 (1
1285 2734 1306 2779 ᾖ
1325 2737 1485 2771 wolfius.
1522 2736 1720 2781 Legebatur
1740 2734 1789 2777 ἧν.

279 2797 294 2816 ¹*
314 2793 433 2835 ἐξεῖναι
454 2789 503 2824 ἐπ’
524 2790 619 2835 ἀνδρὶ
642 2790 676 2823 S.
712 2788 762 2822 ἐπ’
784 2788 879 2833 ἀνδρὶ
900 2789 1020 2832 ἐξεῖναι
1042 2789 1157 2833 vulgo.
1297 2795 1310 2812 ς
1332 2790 1451 2824 (Pomm
1471 2789 1606 2822 codices
1628 2790 1789 2833 (quorum

281 2860 322 2893 B.
345 2853 502 2899 ι’ίλλοῦς).
536 2859 662 2894 ἅλλους
682 2859 798 2903 vulgo.
830 2858 950 2892 ἅλλοις
971 2857 1099 2891 ἄλλους
1119 2858 1279 2891 ῙῩΟῙῨΞΗΞ.
1448 2861 1455 2879 ¹
1477 2857 1555 2890 τοὺς
1578 2856 1715 2901 νόμους]
1740 2856 1792 2888 καὶ

280 2913 357 2947 τοὺς
378 2914 499 2957 νόμους
520 2913 608 2950 F.Q.
