1965 3236
47 161 279 200 —1114,4.
657 153 797 189 ΚΑΤΑ
831 151 1126 188 ΣΤΕΦΑΝΟΎ
1158 151 1203 187 Α.
1579 147 1685 186 1141

172 264 343 314 τούσδε
387 264 798 329 μεμαρτυρηκέναι.
856 263 881 312 ὁ
921 260 1013 327 γὰρ
1052 263 1385 326 ἐπιτροπεῦσαι
1425 260 1544 310 κατὰ
1582 264 1682 310 δια-

173 347 318 412 θήκας
354 352 603 413 μαρτυρῶν
639 350 785 411 δῆλον
824 345 894 396 ὅτι
930 350 1033 396 καθ’
1068 345 1230 397 ὁποίας
1262 342 1318 394 ἂν
1348 345 1495 407 εἰδείη,
1522 346 1632 394 0καὶ
1663 345 1688 393 ὁ

173 434 556 499 ἐπιτροπευθῆναι
597 431 716 482 κατὰ
751 427 973 494 διαθήκας
1009 433 1258 495 μαρτυρῶν
1293 431 1438 491 δῆλον
1474 428 1544 478 ὅτι
1583 433 1686 479 καθ’

110 535 160 575 47
178 516 339 569 ὁποίας
373 515 430 566 ἂν
465 517 612 580 εἰδείη.
664 516 712 565 τί
746 515 826 565 οὖν
860 522 878 549 P
889 512 1116 577 μαθόντες
1152 515 1443 579 ἐμαρτυρεῖτε
1484 514 1608 575 ὑμεῖς
1642 514 1717 563 ε’ν5

175 600 439 667 προκλήσει
474 599 708 663 διαθήκας,
742 601 855 649 ἀλλ’
884 599 966 648 οὐκ
1001 598 1197 650 ἐκείνους
1232 600 1383 657 εἰᾶτε;
1432 599 1468 646 εἰ
1507 595 1601 662 γὰρ
1633 597 1690 646 αὖ
1724 649 1732 656 ‚

175 683 239 747 μὴ
267 682 510 751 φήσουσιν
542 683 704 733 εἰδέναι
739 681 799 732 τὰ
831 681 1133 748 γεγραμμένα
1167 682 1215 730 ἐν
1246 681 1418 741 αὐταῖς,
1444 684 1543 732 πῶς
1576 682 1692 742 ὑμᾶς

176 766 272 818 οἷόν
298 768 336 818 τ’
366 767 528 817 εἰδέναι
563 766 669 820 τοὺς
704 769 894 830 μηδαμῆ
927 768 1154 829 μηδαμῶς
1189 769 1271 814 τοῦ
1304 764 1583 830 πράγματος
1615 765 1692 829 ε’γ-

175 851 289 916 γύς;
330 852 379 901 τί
406 856 511 902 ποτ’
541 851 621 901 οὖν
648 854 690 900 οὶ
720 850 804 913 μὲν
829 851 988 911 ἐκεῖνα,
1018 853 1058 899 οὶ
1086 848 1133 899 δὲ
1159 854 1306 899 ταῦτα
1331 848 1690 914 ἐμαρτύρησαν;

175 936 289 1002 ὅπερ
340 936 498 1001 ε’ίρηκα
555 937 629 986 καὶ
686 934 926 1001 πρότερον,
980 936 1206 984 διείλοντο
1262 931 1567 996 τάδικήματα,
1618 935 1747 983 καίῐο

175 1023 508 1087 ἐπιτροπεῦσαι
542 1019 626 1083 μὲν
660 1018 778 1069 κατὰ
809 1017 1032 1082 διαθήκην
1059 1015 1189 1067 οὐδὲν
1216 1015 1364 1066 δεινὸν
1390 1016 1545 1081 ἡγεῖτο
1575 1040 1691 1082 μαρ-

175 1109 328 1170 τυρεῖν
367 1105 392 1154 ὁ
434 1108 696 1170 μαρτυρῶν,
737 1103 832 1153 οὐδ’
873 1104 1258 1167 ἐπιτροπευθῆναι
1299 1099 1417 1150 κατὰ
1455 1102 1694 1165 διαθήκην,

109 1191 391 1256 48ἀφαιρῶν
433 1187 680 1253 (ίὲκάτερος
725 1185 779 1237 τὸ
824 1191 1073 1252 μαρτυρεῖν
1117 1184 1176 1235 τὰ
1220 1186 1267 1234 ἐν
1311 1190 1411 1238 ταῖς
1456 1184 1695 1249 διαθήκαις

178 1270 266 1322 ὑπὸ
317 1271 484 1321 τούτου
535 1269 849 1335 γεγραμμένα,
902 1267 1005 1319 οὐδὲ
1055 1272 1328 1318 καταλιπεῖν
1379 1266 1461 1318 τὸν
1516 1268 1746 1334 πατέραῐὸ

177 1356 303 1423 αὐτῷ
359 1354 760 1420 ἐπιγεγραμμένον
815 1356 1133 1418 γραμματεῖον
1190 1350 1427 1415 διαθήκην,
1480 1352 1582 1402 οὐδὲ
1638 1352 1696 1403 τὰ

177 1444 385 1489 τοιαῦτα·
428 1438 649 1503 διαθήκας
676 1437 723 1488 δὲ
755 1442 1017 1503 μαρτυρεῖν,
1045 1438 1093 1486 ἐν
1124 1435 1195 1489 αῖς
1228 1435 1481 1503 χρημάτων
1517 1435 1693 1486 τοσού-

176 1547 271 1574 των
316 1523 486 1587 κλοπὴ,
525 1523 742 1588 γυναικὸς
787 1521 1036 1589 διαφθορὰ,
1077 1520 1219 1586 γάμοι
1264 1522 1527 1585 δεσποίνης,
1569 1521 1691 1586 πρά-

177 1631 336 1673 γματα
363 1606 594 1674 αἰσχύνην
626 1608 701 1656 καὶ
738 1607 873 1672 ὕβριν
906 1603 1144 1666 τοσαύτην
1180 1604 1359 1670 ἔχοντα,
1388 1605 1533 1656 οὐδεὶς
1559 1604 1697 1667 ἤθελε

177 1691 308 1755 πλὴν
342 1691 481 1753 οὗτοι,
509 1690 780 1757 πρόκλησιν
815 1688 1268 1750 κατασκευάσαντες,
1295 1690 1403 1754 παρ’
1432 1685 1495 1738 ὧν
1525 1690 1699 1739 δίκαιον
1714 1709 1753 1730 ²0

178 1779 260 1839 τῆς
287 1776 402 1840 ὅλης
428 1776 592 1842 τέχνης
619 1777 693 1825 καὶ
721 1774 999 1840 κακουργίας
1026 1774 1156 1836 δίκην
1182 1777 1363 1832 λαβεῖν.

110 1882 164 1921 49
244 1858 350 1910 Ἵνα
383 1860 552 1920 τοίνυν,
586 1857 622 1909 ὦ
657 1858 821 1924 ἄνδρες
857 1861 1112 1920 Ἀθηναῖοι,
1148 1856 1213 1920 μὴ
1247 1855 1394 1919 μόνον
1426 1856 1483 1924 ἐξ
1510 1854 1575 1906 ὧν
1609 1857 1701 1922 ἐγὼ

178 1948 426 2010 κατηγορῶ
463 1946 540 1994 καὶ
574 1943 754 2010 ἐλέγχω
790 1945 936 2006 δῆλος
972 1944 1078 2005 ὑμῖν
1112 1941 1302 2007 γένηται
1336 1940 1394 1991 τὰ
1425 1943 1579 2008 ψευδῆ
1613 1965 1696 2005 με-

178 2027 484 2095 μαρτυρηκὼς
519 2029 681 2078 οὑτοσὶ
710 2025 967 2095 Στέφανος,
994 2024 1126 2075 ἀλλὰ
1158 2027 1234 2075 καὶ
1268 2025 1325 2093 ἐξ
1352 2022 1416 2075 ὧν
1450 2025 1701 2088 πεποίηκεν
1715 2046 1752 2076 25

180 2113 204 2161 ὁ
240 2109 605 2178 παρασχόμενος
642 2109 797 2172 αὐτὸν,
832 2108 891 2159 τὰ
928 2108 1238 2175 πεπραγμένα
1276 2108 1432 2177 ἐκείνῳ
1466 2107 1702 2171 βούλομαι

180 2195 298 2260 πρὸς
339 2196 456 2258 ὑμᾶς
495 2198 650 2244 εἰπεῖν.
707 2192 822 2258 ὅπερ
858 2194 896 2242 δ’
932 2190 1061 2243 εἶπον
1096 2191 1380 2258 Γἀρχόμενος
1417 2197 1500 2242 τοῦ
1539 2190 1702 2256 λόγου,

112 2299 168 2340 50
182 2280 319 2347 δείξω
359 2277 647 2343 κατηγόρους
687 2276 989 2341 γιγνομένους
1031 2274 1198 2329 αὐτοὺς
1238 2277 1426 2326 ἑαυτῶν.
1487 2274 1571 2338 τὴν
1609 2274 1702 2340 γὰρ

182 2365 326 2426 δίκην,
373 2364 421 2412 ἐν
466 2360 495 2428 ᾗ
539 2367 687 2419 ταῦτα
732 2361 1042 2426 ἐμαρτυρήθη,
1089 2358 1434 2426 παρεγράψατο
1481 2358 1702 2423 Φορμίων

180 2446 299 2513 πρὸς
332 2445 409 2509 ε’μὲ
444 2444 508 2508 μὴ
541 2444 861 2509 εἰσαγώγιμον
896 2441 1009 2493 εἶναι
1045 2445 1107 2496 ὡς
1136 2443 1335 2510 ἀφέντος
1361 2444 1472 2505 ἐμοῦ
1499 2446 1592 2492 τῶν
1617 2443 1696 2505 ε’γ-
1719 2460 1827 2498 1114

181 2529 435 2594 κλημάτων
471 2527 627 2578 αὐτόν.
683 2533 821 2577 τοῦτο
857 2527 1011 2579 τοίνυν
1047 2525 1140 2591 ἐγὼ
1177 2526 1261 2590 μὲν
1295 2524 1398 2576 οῖδα
1427 2529 1602 2593 ψεῦδος
1634 2523 1700 2587 ὃν,

181 2615 255 2663 καί
281 2611 463 2678 ἐλέγξω
490 2609 581 2672 8δὲ,
609 2609 722 2660 ὅταν
755 2611 884 2660 εἰσίω
918 2608 1037 2675 πρὸς
1071 2608 1178 2663 τοὺς
1213 2615 1360 2659 ταῦτα
1398 2630 1696 2674 μεμαρτυρη-

181 2696 331 2748 κότας·
372 2694 521 2762 τούτῳ
549 2693 596 2743 δὲ
623 2694 709 2759 οὐχ
736 2692 831 2743 οἶόν
858 2717 907 2744 τε
933 2695 1053 2744 τοῦτ’
1083 2698 1239 2744 εἰπεῖν.
1297 2698 1331 2743 εἰ
1362 2694 1516 2743 τοίνυν
1543 2694 1698 2754 ἀληθῆ

239 2863 257 2881 0
278 2858 330 2890 καὶ
350 2857 524 2900 ὀ-εἰδείη
545 2856 663 2890 addita
683 2868 724 2890 ex
747 2856 881 2894 B.F.Q.
903 2868 975 2889 non
996 2855 1102 2889 habet
1125 2855 1159 2888 S.
1295 2859 1312 2886 Ι)
1332 2852 1512 2898 μαθόντες]
1536 2851 1700 2885 παθόντες

186 2910 345 2944 W'olfiuS.
470 2916 488 2943 q
510 2910 664 2954 ἑκάτερος
682 2910 721 2943 τὸ
742 2909 902 2943 1V01f1us.
934 2909 1088 2953 ἑκάτερος
1107 2910 1166 2941 τῶι
1188 2906 1274 2944 S.Q.
1308 2907 1474 2950 ἑκατέροις
1493 2906 1540 2951 τῷ
1560 2904 1643 2938 B.F.
1666 2910 1701 2937 et

186 2963 302 3008 vulgo.
406 2968 419 2987 ¹¹
439 2962 625 3008 ἀρχόμενος
645 2974 713 2996 om.
733 2962 777 3000 Q.
877 2967 891 2986 S
912 2962 947 2995 δὲ
969 2961 1084 2995 addidi
1105 2972 1147 2994 ex
1169 2960 1203 2993 S.
