1965 3236
51 148 234 200 —1064‚
254 166 303 190 15.
645 154 788 192 ΠΡΟΣ
821 153 1207 192 ΜΑΚΑΡΤΑΤΟΝ.
1573 151 1684 193 1093

108 534 132 574 5
138 535 159 574 3

104 945 161 987 54

103 1295 155 1337 55

100 2396 152 2437 57

175 261 319 329 φανές
361 264 468 326 ὑμῖν
508 264 655 326 ἔσται,
694 263 731 315 ὦ
777 265 938 331 ἄνδρες
977 265 1208 325 δικασταὶ,
1254 263 1325 314 ὅτι
1367 262 1422 312 τὸ
1458 260 1686 327 πρότερον

175 346 590 413 ἀναισχυντοῦντες
638 348 970 413 περιεγένοντο,
1017 347 1192 397 δίκαιον
1243 348 1280 397 δ’
1325 345 1456 396 οὐδὲν
1506 345 1685 410 ἔλεγον,
1705 369 1741 388 10

174 431 501 496 ἀναγίγνωσκε
527 430 610 485 τὰς
634 432 901 497 μαρτυρίας,
929 431 1040 482 ὅσαι
1066 433 1185 482 εἰσὶν
1211 431 1277 482 ἔτι
1308 429 1570 481 ὑπόλοιποι.

770 540 1096 581 ΜΑΡΤΎῬΙΑΙ.

289 612 518 662 [Μαρτυρεῖ
550 610 742 663 συγγενὴς
783 610 882 651 εἶναι
922 609 1136 660 Πολέμωνι
1178 611 1228 664 τῷ
1263 608 1425 661 “Αγνίου
1460 609 1589 659 πατρὶ,
1626 608 1688 648 καὶ
1742 622 1750 629 ’

231 677 386 717 ἀκούειν
406 681 473 717 τοῦ
495 678 637 729 πατρὸς
657 682 724 718 τοῦ
747 680 884 718 ἑαυτοῦ
901 677 1089 730 ἀνεψιοὺς
1111 677 1210 717 εἶναι
1233 677 1275 716 ἐκ
1295 675 1586 728 πατραδέλφων
1607 679 1685 715 Πο-

230 742 377 793 λέμωνι
409 745 614 796 Φίλαγρόν
647 762 688 785 τε
728 745 796 785 τὸν
830 745 1076 795 Εὐβουλίδου
1115 743 1265 796 πατέρα
1306 743 1368 783 καὶ
1403 741 1686 794 Φανοστράτην
1704 758 1738 789 15

230 810 300 860 τὴν
331 812 518 863 Στρατίου
549 811 742 864 θυγατέρα
772 812 833 852 καὶ
867 812 1170 862 Καλλίστρατον
1203 810 1272 850 τὸν
1303 808 1454 860 πατέρα
1481 810 1546 859 τῆς
1573 812 1686 848 ιιΣω-

232 878 318 917 σίου
349 879 530 930 γυναικδς
567 879 628 919 καὶ
663 879 891 929 Εὐκτήμονα
923 878 992 918 τὸν
1027 878 1331 927 βασιλεύσαντα
1365 876 1427 916 καὶ
1463 877 1688 927 Χαρίδημον

230 945 300 985 τὸν
320 945 469 997 πατέρα
490 946 558 985 τὸν
580 947 820 996 Θεοπόμπου
845 946 905 986 καὶ
928 944 1231 997 Στρατοκλέους,
1256 944 1319 983 καὶ
1341 943 1439 984 εἶναι
1470 948 1550 985 τοῖς
1570 950 1587 966 x
1601 944 1685 983 τού-

229 1028 307 1051 των
326 1011 429 1052 υἱέσι
461 1013 522 1052 καὶ
543 1011 684 1067 Ἀγνίᾳ
713 1015 756 1053 ἐν
781 1014 832 1068 τῷ
862 1014 961 1068 αὐτῷ
989 1012 1096 1065 γένει
1125 1013 1374 1063 Εὐβουλίδην
1400 1012 1497 1051 κατὰ
1521 1011 1590 1051 τὸν
1615 1028 1685 1051 πα-
1701 1025 1741 1047 ²0

229 1078 323 1130 τέρα
352 1079 420 1119 τὸν
452 1081 589 1119 ἑαυτοῦ
623 1082 842 1132 Φίλαγρον,
877 1082 973 1120 κατὰ
1003 1081 1045 1119 δὲ
1073 1080 1143 1129 τὴν
1173 1078 1321 1130 μητέρα
1344 1078 1415 1128 τὴν
1440 1080 1578 1118 ἑαυτοῦ
1609 1082 1687 1119 Φυ-

228 1146 410 1199 λομάχην
441 1148 692 1198 νομιζόμενον
717 1146 888 1199 ἀνεψιὸν
916 1146 1015 1187 εἶναι
1049 1147 1296 1196 Εὐβουλίδην
1319 1144 1461 1200 “Αγνίᾳ
1489 1145 1585 1197 πρὸς
1615 1162 1687 1186 πα-

228 1213 318 1265 τρὸς
339 1216 380 1254 ἐκ
401 1217 554 1264 τηθίδος
573 1215 768 1267 γεγονότα
787 1213 929 1267 (Αγνίιιι
949 1222 967 1251 >¹
982 1216 1048 1264 τῆς
1068 1213 1165 1264 πρὸς
1186 1213 1343 1264 πατρός.

831 1297 1037 1338 ΖΑΛΛΗ.
1702 1306 1740 1337 25

287 1371 540 1421 Μαρτυροΰσι
561 1372 769 1421 συγγενεῖς
790 1367 890 1409 εἶναι
916 1367 1128 1419 Πολέμωνι
1148 1367 1199 1421 τῷ
1221 1366 1337 1419 πατρὶ
1361 1367 1413 1421 τῷ
1437 1364 1600 1419 Ἃγνίου
1626 1367 1689 1408 καὶ

227 1435 415 1489 Φιλάγρῳ
451 1436 501 1490 τῷ
534 1436 650 1488 πατρὶ
687 1438 738 1490 τῷ
772 1436 1017 1487 Εὐβουλίδου
1057 1435 1119 1475 καὶ
1155 1433 1371 1484 Εὐκτήμονι
1411 1436 1463 1488 τῷ
1497 1435 1689 1484 βασιλεύ-

228 1519 354 1549 σαντι,
389 1504 450 1543 καὶ
483 1505 626 1543 εἰδέναι
658 1502 887 1553 Εὐκτήμονα
922 1502 1100 1553 ἀδελφὸν
1131 1503 1256 1541 εῑὸντα
1289 1500 1528 1552 ὁμοπάτριον
1564 1501 1688 1542 Φιλά-

228 1586 307 1623 γρῳ
338 1572 390 1624 τῷ
424 1571 540 1621 πατρὶ
572 1569 655 1624 ὓτῷ
693 1569 950 1620 Εὐβουλίδου·
985 1570 1047 1609 καὶ
1080 1570 1198 1608 ὁπότε
1232 1569 1254 1618 ἡ
1286 1569 1506 1608 ἐπιδικασία
1540 1568 1589 1619 ἦν
1621 1572 1689 1609 τοῦ
1707 1567 1814 1617 1064

228 1636 371 1688 κλήρου
388 1640 455 1676 τοῦ
471 1636 633 1689 (Αγνίου
650 1637 872 1691 Εὐβουλίδῃ
895 1643 908 1660 c
922 1636 1018 1688 πρὸς
1034 1637 1262 1680 Γλαύκωνα,
1282 1635 1339 1675 ἔτι
1359 1637 1426 1686 ῶν
1443 1635 1685 1686 Εὐκτήμονα.

227 1705 270 1744 ἐκ
296 1704 584 1756 πατραδέλφων
609 1704 811 1756 ᾱᾶνεψιὸν
843 1705 939 1744 ὄντα
968 1703 1180 1754 Πολέμωνι
1207 1705 1257 1757 τῷ
1284 1703 1399 1755 πατρὶ
1426 1701 1604 1755 Ἀγνίου,
1625 1704 1687 1744 καὶ

225 1771 276 1822 μὴ
298 1773 598 1823 ἀμφισβητῆσαι
630 1771 859 1822 Εὐκτήμονα
891 1771 1117 1825 Εὐβουλίδῃ
1148 1772 1215 1810 τοῦ
1247 1769 1389 1822 κλήρου
1419 1773 1486 1810 τοῦ
1509 1768 1683 1823 Ἃγνίου,

226 1837 311 1889 μηδ’
334 1839 461 1879 ἄλλον
480 1838 629 1890 μηδένα
651 1841 748 1880 κατὰ
767 1839 883 1891 γένος
904 1838 1004 1878 τότε.
1698 1854 1714 1884 5

838 1920 1016 1963 AAAH.

285 1997 536 2046 Μαρτυροῦσι
566 1997 636 2035 τὸν
667 1994 818 2046 πατέρα
849 1993 918 2034 τὸν
952 1995 1098 2034 ἑαυτῶν
1131 1991 1342 2044 Στράτωνα
1374 1991 1548 2044 συγγενῆ
1585 1991 1684 2031 εἶναι

226 2061 438 2112 Πολέμωνι
468 2062 520 2115 τῷ
551 2061 667 2113 πατρὶ
696 2063 748 2115 τῷ
771 2059 935 2113 ‘Ayvt'ov
958 2061 1020 2100 καὶ
1046 2059 1252 2113 Χαριδήμῳ
1283 2061 1334 2114 τῷ
1362 2060 1478 2111 πατρὶ
1505 2061 1556 2113 τῷ
1580 2062 1682 2100 Θεο-

226 2129 380 2178 πόμπου
412 2128 473 2167 καὶ
504 2126 691 2181 Φιλάγρῳ
722 2129 773 2181 τῷ
804 2127 920 2178 πατρὶ
954 2127 1004 2181 τῷ
1039 2127 1298 2177 Εὐβουλίδου,
1334 2125 1396 2165 καὶ
1429 2125 1584 2164 ἀκούειν
1614 2127 1682 2164 τοῦ
1701 2137 1737 2159 ¹0

227 2196 375 2234 ἑαυτῶν
405 2193 550 2245 πατρὸς
584 2194 643 2233 ὅτι
678 2195 879 2245 Φίλαγρος
914 2192 1036 2243 λάβοι
1067 2196 1233 2244 γυναῖκα
1259 2192 1413 2242 πρώτην
1444 2192 1517 2241 μὲν
1552 2193 1681 2230 Φυλο-

224 2260 355 2312 μάχην
387 2260 566 2311 ἆδελφῆν
596 2259 839 2309 Πολέμωνος
868 2263 935 2299 τοῦ
968 2258 1114 2310 πατρὸς
1147 2260 1215 2298 τοῦ
1242 2256 1405 2309 “Αγνίου
1441 2258 1682 2307 ὁμοπατρίαν

227 2327 288 2366 καὶ
321 2328 570 2378 ὁμομητρίαν,
609 2326 671 2366 καὶ
703 2325 892 2377 γενέσθαι
925 2325 1113 2379 Φιλάγρῳ
1154 2326 1196 2365 ἐκ
1232 2326 1305 2375 μὲν
1339 2327 1405 2374 τῆς
1443 2323 1682 2376 Φυλομάχης

229 2394 490 2443 Εὐβουλίδην,
523 2393 794 2443 ἀποθανούσης
828 2394 869 2432 δὲ
899 2391 1139 2444 Φυλομάχης
1171 2391 1308 2443 ἑτέραν
1340 2394 1485 2441 λαβεῖν
1517 2394 1682 2442 γυναῖκα

226 2461 430 2511 Φίλαγρον
448 2460 718 2509 Τελεσίππην,
744 2459 804 2499 καὶ
824 2458 1012 2511 γενέσθαι
1033 2457 1270 2509 ὁμοπάτριον
1289 2458 1363 2508 μὲν
1384 2456 1561 2508 ἀδελφὸν
1581 2457 1680 2497 εΕὐ·
1701 2474 1733 2503 ¹5

222 2622 236 2648 ἵ
255 2622 471 2656 Testimonia
489 2634 558 2656 om.
581 2623 707 2661 F.S.Q.
818 2629 839 2647 u
860 2623 1008 2668 Σωσίου]
1034 2623 1234 2668 Legebatur
1253 2621 1437 2655 Σωσιθέου.
1473 2620 1618 2654 Correxi
1638 2631 1680 2653 ex

167 2688 202 2721 p.
224 2685 336 2721 1075,
362 2674 420 2709 28.
442 2687 546 2720 quem
566 2675 682 2709 locum
702 2676 916 2721 comparavit
936 2676 1112 2710 Reiskius.
1234 2681 1250 2696 x
1270 2673 1399 2707 τούτων
1418 2673 1581 2707 Wolfius.
1614 2673 1679 2706 Le-

167 2728 316 2773 gebatur
333 2726 464 2761 τούτου.
604 2734 623 2761 y
651 2727 725 2773 τῆς]
756 2731 796 2771 τῇ
816 2741 845 2762 r.
867 2734 902 2762 et
921 2741 975 2773 pr.
996 2730 1038 2762 A.
1181 2732 1198 2752 2
1229 2726 1369 2771 AAAH]
1403 2727 1500 2770 ἑτέρα
1519 2737 1548 2760 r.
1570 2725 1626 2758 hie
1645 2730 1680 2758 et

166 2781 258 2814 infra
275 2786 339 2814 ter.
438 2785 457 2804 a
477 2778 574 2825 ὄντα]
599 2776 680 2813 εἶναι
700 2793 729 2814 r.
826 2779 842 2802 ἱ)
862 2781 924 2827 τῷ]
945 2783 1006 2814 τοῦ
1026 2793 1054 2815 r.
1157 2785 1173 2805 θ
1192 2780 1278 2824 πρὸς
1298 2778 1494 2823 Γλαύκωνα]
1521 2777 1676 2821 Legeba-

166 2839 225 2867 tur
253 2832 525 2877 προσκλαίουσα.
575 2832 784 2867 Emendavit
805 2833 1069 2867 Schoemannus
1098 2833 1143 2867 ad
1171 2832 1298 2866 Isaeum
1327 2843 1362 2876 p.
1384 2839 1474 2877 450.
1502 2834 1681 2875 praeeunte

169 2886 324 2926 Reiskio,
346 2885 405 2931 qui
424 2886 510 2930 πρὸς
529 2886 668 2919 Κλέωνα
688 2885 895 2930 conjecerat.
982 2882 1002 2910 d
1021 2884 1183 2930 ἀνεψιὸν]
1206 2884 1303 2918 Libri
1322 2883 1486 2928 ἀδελφόν.
1517 2881 1681 2917 Correxit

168 2939 317 2972 XVolfius
337 2951 377 2972 ex
399 2951 434 2983 p.
457 2937 569 2984 1065,
596 2949 607 2971 1
626 2949 654 2972 1.
765 2944 780 2962 θ
802 2938 1013 2983 Εὐβουλίδῃ]
1037 2938 1240 2980 εὐβουλίδην
1259 2936 1300 2970 Α.
