1965 3236
31 164 186 215 —864‚
202 181 231 204 5.
708 167 850 204 ΠΡΟΣ
883 167 1120 204 ΑΦΟΒΟΝ.
1577 164 1661 206 897

155 275 237 328 τὰς
280 277 553 340 ἐπικαρπίας
595 276 954 340 εάπεστέρηκεν.
1023 276 1176 329 θέντες
1222 276 1302 325 οὖν
1350 279 1391 325 οἱ
1443 278 1658 326 δικασταὶ

152 361 247 408 τοῖς
280 362 400 407 πᾶσι
434 356 673 457 χρήμασιν
707 355 817 407 defit<
852 359 923 426 ἐφ’
960 358 1060 407 ὅσω
1098 362 1327 421 μισθοῦσι
1365 357 1469 410 τοὺς
1508 357 1657 409 οἴκους
1672 378 1711 400 20

153 439 304 500 τόκον,
331 442 478 489 ἀλλ’
495 464 544 492 ος
578 440 634 503 ἠν
668 440 931 506 ε’λαχιστος,
959 442 1090 507 εὑρον
1122 441 1175 492 τὸ
1214 442 1409 504 σύμπαν
1445 441 1594 491 πλέον
1628 440 1656 505 ἢ

151 521 397 586 τριάκοντα
445 521 660 572 fraeisxavr'
715 523 880 576 αὐτοὺς
936 527 1329 593 ἀποστερουντας’
1387 523 1457 574 διὸ
1507 523 1656 592 τούτῳ

150 610 243 655 τῶν
269 607 378 656 δέκα
403 606 649 657 ταλάντων
675 608 901 671 ἐτίμησαν
917 615 949 657 g.

719 778 1079 808 *φ-

870 918 930 964 Λ.

288 1058 502 1110 ΠΡΟΣ
554 1058 944 1110 ΟΝΗΤΟΡΑ
997 1055 1383 1113 ΕΞΟΤΛΗΣ
1435 1058 1507 1110 A.

784 1331 1016 1360 ΥΠΟΘΕΣΙΣ.

188 1414 358 1460 ”Αφοβος,
382 1418 571 1459 μέλλοντος
593 1417 683 1464 αὐτῷ
706 1418 942 1461 Δημοσθένους
966 1418 1025 1452 τὰς
1048 1418 1106 1460 τῆς
1134 1417 1316 1461 ἐπιτροπῆς
1341 1417 1432 1452 δίκας
1456 1418 1650 1463 λαγχάνειν,
1666 1415 1745 1468 863

140 1480 261 1522 ἔγημεν
291 1479 475 1525 Ὀνήτορος
507 1480 659 1525 ἀδελφὴν
692 1481 887 1514 ἐκδοθεῖσαν
920 1482 1009 1528 αὐτῷ
1041 1481 1106 1514 ὑπὸ
1134 1482 1360 1526 Τιμοκράτους
1392 1483 1452 1514 τοῦ
1485 1483 1652 1527 προτέρου

139 1543 272 1588 ἀνδρὸς,
301 1544 414 1587 ἐπειδὴ
441 1544 563 1579 ἐκεῖνος
591 1545 770 1590 ἐπίκληρον
798 1546 983 1589 λαμβάνειν
1008 1547 1148 1589 ἤμελλε.
1189 1546 1273 1589 μετὰ
1298 1546 1334 1580 δέ
1359 1549 1463 1580 ταῦτα
1488 1545 1648 1593 Ὀνήτωρ,
1664 1557 1680 1589 5

139 1607 200 1649 ἤδη
221 1606 408 1651 φεύγοντος
428 1607 585 1652 Ἀφόβου
605 1608 664 1651 τὴν
683 1610 742 1651 τῆς
762 1609 943 1654 ἐπιτροπῆς
963 1609 1066 1652 δίκην,
1084 1609 1127 1644 ὡς
1147 1611 1164 1642 ὁ
1184 1609 1296 1655 ῥήτωρ
1315 1609 1543 1651 ἀποδείκνυσι,
1560 1613 1648 1645 πλα·

140 1671 286 1711 σάμενος
314 1668 533 1715 ἣάπόλειψιν
563 1671 622 1714 τὴν
651 1671 804 1715 ἀδελφὴν
833 1671 910 1717 παρ’
940 1669 1080 1705 Ϊὲαυτόν
1107 1671 1291 1717 ἀπήγαγεν.
1331 1673 1403 1706 ἐπεὶ
1431 1673 1466 1706 δὲ
1488 1673 1648 1718 ’Ἄφοβος

139 1734 238 1772 ἑάλω,
264 1734 317 1766 ἐπὶ
343 1734 403 1776 τὴν
429 1735 550 1768 οὐσίαν
575 1736 678 1768 αὐτοῦ
707 1736 765 1768 τὸν
785 1735 912 1780 ῥήτορα
937 1735 1183 1780 ἀφικνούμενον
1211 1737 1263 1769 καὶ
1292 1737 1337 1771 εἷς
1362 1737 1403 1769 τὰ
1427 1737 1534 1781 χωρία
1560 1738 1644 1771 εἶσι·
1663 1747 1699 1767 ¹0

138 1797 218 1829 όντα
242 1796 409 1840 ἐξήλασεν
431 1796 595 1842 Ὀνήτωρ,
617 1799 760 1842 φάσκων
787 1800 845 1841 τῆς
869 1798 1024 1843 ἀδελφῆς
1049 1795 1133 1832 εἶναι
1158 1800 1199 1832 τὰ
1223 1797 1342 1843 χωρῖα,
1371 1800 1417 1834 εἷς
1442 1800 1502 1843 τὴν
1527 1801 1648 1844 προῖκα

136 1859 395 1902 ἅποτιμηθέντα.
435 1860 551 1906 διόπερ
572 1860 713 1904 ἐξούλης
732 1862 822 1908 αὐτῷ
845 1862 1009 1904 δικάζεται
1032 1863 1050 1895 ὁ
1075 1862 1291 1906 Δημοσθένης
1319 1862 1363 1897 ὡς
1388 1863 1423 1896 ἐκ
1447 1865 1514 1896 τῶν
1538 1862 1645 1908 Ἀφό-

134 1924 200 1962 βου
233 1925 407 1967 πρότερον,
442 1925 500 1956 νῦν
530 1924 565 1957 δέ
600 1925 706 1971 ἑαυτῷ
738 1925 977 1970 γεγενημένων,
1007 1925 1264 1969 ἐξεληλαμένος,
1295 1927 1438 1970 φάσκων
1468 1927 1527 1960 οὐκ
1557 1927 1696 1970 εἶλη-15

135 1987 235 2030 φέναι
267 1987 327 2030 τὴν
360 1989 481 2031 προῖκα
506 1986 681 2031 ”Αφοβον,
716 1988 806 2021 ἀλλὰ
839 1988 899 2031 τὴν
930 1990 1069 2033 γυναῖκα
1105 1991 1219 2032 μόνον·
1259 1990 1320 2033 τὴν
1351 1991 1417 2035 γὰρ
1448 1992 1570 2035 προῖκα
1601 1991 1645 2034 μὴ

134 2051 340 2094 βουληθῆναι
367 2051 532 2096 Ὀνήτορα
558 2049 719 2091 ι(δοῦναι,
745 2053 831 2086 διότι
860 2052 1092 2086 κινδυνεύοντα
1120 2055 1180 2086 τὸν
1200 2053 1362 2098 Ἄφοβον
1389 2055 1476 2099 ἑώρα
1504 2055 1556 2088 καὶ
1586 2055 1646 2098 τὴν

135 2115 256 2148 οὐσίαν
282 2116 396 2148 αὐτοῦ.
437 2118 494 2148 νῦν
517 2114 586 2155 οὖν,
608 2118 708 2160 φησὶ,
730 2117 868 2159 πλαστὴ
894 2118 955 2159 μὲν
982 2116 999 2158 ἡ
1025 2116 1224 2161 ἀπόλειψις,
1249 2118 1331 2162 ὑπὲρ
1350 2118 1386 2151 δέ
1409 2115 1454 2151 ὧν
1473 2119 1532 2151 οὐκ
1551 2117 1643 2161 εἵλη-

134 2180 200 2223 φεν
218 2178 389 2222 ”Αφοβος,
417 2179 455 2211 τὸ
482 2179 607 2222 χωρίον
633 2178 872 2221 ἀποτετίμηται
898 2178 948 2212 ἐπ’
967 2179 1196 2224 ἀποστερήσει
1223 2183 1290 2213 τῶν
1319 2181 1415 2223 ἐμῶν.
1455 2182 1495 2215 τὸ
1521 2182 1557 2215 δὲ
1584 2183 1643 2225 τῆς
1656 2192 1696 2212 20

134 2241 277 2286 ἐξούλης
296 2241 398 2284 ὄνομα
417 2241 582 2275 Ἀττικόν·
615 2242 767 2286 ἐξὲλλειν
786 2243 851 2287 γὰρ
871 2244 994 2287 ἔλεγον
1013 2243 1052 2275 τὸ
1073 2243 1209 2286 ἐξωθεῖν
1228 2244 1280 2276 καὶ
1299 2244 1479 2284 ἐκβάλλειν
1496 2245 1568 2288 βίᾳ.

133 2313 335 2394 ΠΕΡΙ
380 2350 566 2394 πολλοῦ
616 2344 901 2407 ποιούμενος,
947 2343 983 2394 ὦ
1034 2345 1196 2410 ἄνδρες
1246 2348 1475 2407 δικασται,
1526 2346 1641 2410 μήτε
1656 2361 1738 2411 864

130 2449 249 2491 προς
266 2425 492 2494 ”Αφοβο’ν
517 2450 596 2489 μοι
621 2430 861 2489 συμβηναι
887 2426 972 2490 τὴν
997 2450 1248 2492 γενομενην
1271 2427 1501 2496 διαφοραν
1526 2428 1642 2492 μήτε

130 2508 215 2572 τὴν
260 2514 341 2559 νῦν
384 2510 532 2559 οὖσαν
574 2532 692 2575 προς
736 2510 973 2575 Ὀνήτορα
1016 2533 1210 2573 τουτονι,
1253 2511 1484 2575 κηδεστὴν
1527 2512 1640 2562 ὄντα

131 2593 284 2653 αὐτοῦ,
335 2591 499 2642 πολλοὶ
548 2615 623 2642 και
676 2593 828 2642 δικαια
882 2592 1298 2658 προκαλεσαμενος
1347 2595 1665 2662 ἀμφοτέρους-5

185 2755 201 2774 C
220 2749 445 2794 ἀπεστέρηκεν
466 2751 501 2784 S.
536 2751 733 2795 Legebatur
752 2751 977 2797 ἀπεστέρησε.
1102 2750 1120 2778 d
1141 2754 1216 2799 οὐκ]
1241 2754 1310 2788 οὐδ’
1332 2755 1370 2787 F.
1482 2759 1497 2777 e
1521 2753 1556 2788 ὃς
1575 2753 1631 2798 ἧν]

131 2801 214 2835 ὅσον
234 2801 272 2844 ἧν
293 2803 328 2835 S.
424 2800 439 2826 f
455 2804 603 2836 τάλαντα
622 2816 690 2836 om.
711 2807 784 2838 As.
884 2811 903 2837 g
924 2806 965 2838 In
987 2807 1023 2839 S.
1047 2807 1279 2851 subscriptum
1299 2808 1381 2851 πρὸς
1398 2806 1567 2850 ”Αφοβον.
1595 2816 1634 2882 ἓ.

130 2883 151 2910 h
170 2886 356 2931 ἀπόλειψιν
376 2887 535 2921 Wolfius.
565 2888 767 2933 ἀπολείψειν
787 2890 902 2934 vulgo.
1015 2888 1023 2914 i
1044 2891 1177 2936 ἑαυτὸν]
1201 2893 1318 2924 ἑαυτῶι
1340 2891 1377 2923 F.
1481 2887 1498 2914 k
1521 2890 1634 2923 δοῦναι
1654 2922 1658 2924 .

130 2939 287 2973 additum
308 2952 349 2973 ex
372 2940 408 2973 F.

846 3016 876 3040 H
902 3015 923 3042 2
