1965 3236
264 160 375 199 1038
790 167 1220 205 ΔΗΜΟΣΘΕΝΟὙΣ
1293 164 1375 204 On.
1397 164 1638 204 XXXIX.
1661 178 1702 217 p.
1726 174 1847 212 1007‚
1863 179 1940 204 9-

331 274 343 289 Ῑ
534 277 546 292 N
612 276 622 291 Ι
769 277 779 291 3
848 281 868 290 Α
945 277 965 286 Α
1101 277 1110 291 9
1179 278 1188 291 5
1267 277 1276 291 Ι
1427 277 1437 291 )
1518 276 1530 291 Ι
1686 277 1696 292 )
1770 276 1779 290 ἱ

264 276 446 336 εδεομαι
474 297 547 324 και
575 277 727 325 δικαια
754 276 884 344 αξιω,
913 285 1046 328 οὗτος
1073 278 1100 324 δ
1140 299 1192 326 ου
1216 299 1361 339 μονον
1388 299 1442 327 ου
1467 298 1643 341 μετρια,
1671 282 1770 325 αλλ

265 358 356 406 οὐδ’
386 358 581 408 εἰωθότα
607 358 887 422 γίγνεσθαιῑ.
1802 372 1838 392 ¹0

990 706 1062 752 M.

363 845 578 895 ΠΡΟΣ
631 844 1004 896 ΒΟΙΩΤΟΝ
1054 845 1276 896 ἕΠΕΡΙ
1330 844 1693 896 ΠΡΟΙΚΟΣ

793 953 1254 1005 ΜΗΤΡΩΙΑΣ.

893 1215 913 1241 h
923 1223 1158 1251 ΥΠΟΘΕΣΙΣ.

320 1303 383 1336 Καὶ
405 1301 503 1338 οὗτος
528 1299 641 1347 ἰπαρὰ
661 1305 721 1336 τοῦ
741 1303 845 1336 αὐτοῦ
873 1304 925 1337 καὶ
945 1304 1030 1349 πρὸς
1049 1305 1108 1337 τὸν
1127 1303 1230 1337 αὐτὸν
1250 1305 1267 1336 ὁ
1287 1304 1392 1349 λόγος
1412 1302 1550 1348 εἴρηται.
1595 1304 1647 1336 καὶ
1667 1304 1707 1336 τὰ
1728 1304 1789 1347 μὲν

264 1365 356 1399 ἅλλα
383 1367 491 1400 πάντα
520 1367 637 1407 ταύτὰ,
673 1367 691 1410 ἡ
724 1364 937 1413 1(Πλαγγὼν,
968 1369 985 1400 ὁ
1012 1367 1121 1413 ὅρκος,
1148 1367 1167 1411 ἡ
1198 1372 1265 1402 τῶν
1295 1368 1423 1401 παίδων
1450 1367 1611 1413 ἀναγκαία
1639 1368 1787 1411 ποίησις.

265 1428 494 1464 ἀποθανόντος
520 1430 556 1463 δέ
582 1432 643 1463 τοῦ
664 1431 816 1464 Μαντίου
841 1432 871 1464 οἱ
898 1431 1014 1466 παῖδες
1042 1431 1135 1466 ὄντες
1163 1433 1264 1476 τρεῖς,
1288 1432 1476 1466 Μαντίθεος
1502 1433 1519 1464 ὁ
1548 1431 1584 1465 ἐκ
1609 1432 1668 1474 τῆς
1698 1430 1816 1477 νόμῳ5

264 1492 474 1537 γαμηθείσης
500 1493 551 1526 καὶ
582 1493 727 1527 Βοιωτὸς
757 1494 809 1526 καὶ
841 1493 1026 1537 Πάμφιλος
1056 1492 1110 1528 Ῑοῖ
1144 1495 1178 1528 ἐκ
1212 1496 1271 1538 τῆς
1300 1496 1515 1541 Πλαγγόνος,
1543 1494 1700 1538 ἐνέμοντο
1729 1495 1789 1538 τὴν

265 1556 397 1590 οὐσίαν.
446 1557 643 1600 φάσκοντος
680 1557 717 1589 δέ
747 1559 807 1590 τοῦ
839 1557 1031 1592 Μαντιθέου
1069 1560 1191 1604 προῖκα
1230 1560 1336 1606 ἑαυτῷ
1373 1557 1530 1606 μητρῴαν
1567 1558 1786 1603 ὀφείλεσθαι,

266 1620 411 1654 Βοιωτὸς
443 1620 496 1652 καὶ
527 1620 712 1664 Πάμφιλος
743 1621 796 1653 καὶ
829 1620 924 1654 αὐτοὶ
953 1621 1092 1666 προικὸς
1126 1620 1381 1666 ἠμφισβήτουν,
1418 1621 1462 1656 ὡς
1495 1621 1547 1654 καὶ
1577 1622 1636 1663 τῆς
1665 1622 1784 1666 Πλαγ-
1803 1636 1840 1656 10

263 1684 364 1726 γόνος
392 1682 668 1728 εἰσενεγκαμένης
694 1684 741 1719 εἰς
767 1685 827 1717 τὸν
853 1680 946 1718 οἶκον
970 1687 1032 1718 τοῦ
1059 1685 1212 1718 Μαντίου
1239 1687 1322 1729 μνᾶς
1350 1686 1477 1719 ἑκατόν.
1518 1685 1700 1728 συνέδοξεν
1728 1683 1788 1718 οὖν

264 1746 378 1780 αὐτοῖς
407 1747 584 1789 νείμασθαι
612 1748 721 1780 πάντα
751 1747 800 1781 ἐπ’
821 1746 899 1790 ’ίσης
926 1748 1016 1791 πλὴν
1041 1750 1101 1791 τῆς
1129 1749 1245 1788 οἰκίας,
1268 1747 1308 1782 ἵν’
1330 1750 1544 1792 ῐῦὁποτέρων
1567 1746 1608 1782 ἂν
1635 1748 1652 1791 ἡ
1679 1747 1788 1792 μήτηρ

264 1812 356 1855 φανῇ
385 1812 507 1855 προῖκα
535 1811 803 1857 εἷσενεγκαμένη,
831 1810 964 1847 τούτοις
992 1811 1058 1846 ἀπὸ
1085 1813 1144 1855 τῆς
1170 1813 1274 1847 οἰκίας
1298 1812 1450 1855 ἀποδοθῇ
1475 1813 1514 1846 τὸ
1540 1811 1714 1857 ἀργύριον,
1736 1813 1788 1845 καὶ

264 1874 354 1917 πλὴν
373 1877 440 1907 τῶν
459 1874 689 1919 ἀνδραπόδων,
711 1874 801 1910 ὅπως
827 1876 858 1908 οἱ
883 1876 960 1920 περὶ
979 1875 1039 1909 τὸν
1059 1876 1218 1916 Βοιωτὸν,
1240 1877 1297 1910 ἐὰν
1324 1876 1507 1919 ἐπιζητῶσί
1533 1890 1565 1909 τι
1592 1878 1659 1909 τῶν
1678 1876 1785 1918 ἔνδον,
1805 1876 1911 1914 1008

264 1939 392 1982 ἔχωσιν
420 1937 577 1982 ἔλεγχον.
619 1939 704 1981 μετὰ
736 1938 804 1972 Πδέ
829 1940 933 1972 ταῦτα
963 1938 1230 1972 ἀντενεκάλεσαν
1258 1938 1436 1982 ἀλλήλοις,
1468 1939 1485 1970 ὁ
1509 1938 1570 1981 μὲν
1597 1938 1787 1973 Μαντίθεος

265 2002 348 2047 ὑπὲρ
369 2003 427 2045 τῆς
446 2001 602 2049 μητρῴας
631 2002 761 2043 οὐσίας,
783 2002 901 2036 ἐκεῖνοι
927 2003 963 2036 δὲ
988 2002 1072 2046 ὑπὲρ
1091 2002 1208 2035 ἶίλλων
1236 2005 1346 2037 τινῶν.
1389 2002 1442 2035 καὶ
1462 2002 1479 2034 ὁ
1499 2001 1669 2045 διαιτητὴς
1689 2007 1783 2035 Μαν-
1799 2016 1815 2045 5

264 2066 376 2100 τιθέου
409 2066 470 2109 μὲν
507 2065 738 2108 ἀπεδιαίτησε,
780 2068 930 2099 Βοιωτοῦ
966 2067 1002 2099 δὲ
1040 2066 1292 2109 κατεδιαίτησεν
1330 2065 1463 2110 ε’ρὴμην.
1512 2066 1676 2110 λαγχάνει
1715 2065 1786 2108 Οδὴ

266 2130 454 2165 Μαντίθεος
474 2131 527 2164 καὶ
547 2130 593 2165 εἷς
613 2131 651 2163 τὸ
673 2130 891 2176 δικαστήριον
911 2131 1001 2177 αὐτῷ
1021 2130 1080 2172 τὴν
1100 2130 1203 2173 αὐτὴν
1223 2130 1328 2172 δίκην,
1351 2129 1501 2163 ἀπαιτῶν
1521 2129 1580 2171 τὴν
1599 2130 1731 2173 προῖκα.

265 2229 599 2310 ΠΑΝΤΩΝ
640 2260 769 2309 ἐστὶν
807 2258 1126 2324 ἀνιαρότατον,
1153 2256 1190 2308 ὦ
1217 2259 1378 2324 ἄνδρες
1413 2260 1645 2320 δικασταὶ,
1673 2258 1786 2308 ὅταν

265 2364 334 2395 τις
360 2341 552 2405 ὀνόματι
575 2341 660 2406 μὲν
687 2341 895 2410 ἀδελφὸς
924 2345 1289 2409 προσαγορευθῇ
1315 2345 1467 2403 τινῶν,
1493 2345 1559 2410 τῷ
1595 2343 1636 2390 δ’
1664 2341 1786 2410 ἔργῳ

267 2423 459 2489 ἐχθροὺς
498 2424 580 2491 ε”χῃ
619 2423 823 2486 τούτους,
863 2426 938 2474 καὶ
978 2423 1293 2489 ἀναγκάζηται
1330 2423 1495 2474 πολλὰ
1545 2426 1620 2474 καὶ
1660 2424 1786 2474 δεινὰ

266 2505 431 2556 παθὼν
472 2508 545 2556 ὑπ’
587 2507 740 2556 αὐτῶν
779 2506 967 2557 εἰσιέναι
1012 2511 1074 2559 εἰς
1111 2506 1426 2572 δικαστήριον,
1465 2505 1528 2556 Ρῗ)
1563 2512 1645 2557 νῦν
1685 2509 1815 2570 ἐμοὶε

321 2674 336 2693 θ
367 2669 500 2714 δέομαι]
526 2668 690 2712 δεήσομαι
710 2671 783 2703 Am.
932 2667 946 2693 s
974 2670 1014 2703 In
1039 2670 1073 2703 S.
1105 2670 1340 2715 subscriptum
1360 2670 1445 2715 πρὸς
1464 2670 1610 2710 βοιωτὸν
1630 2672 1706 2716 περὶ
1726 2674 1786 2705 τοῦ

266 2731 442 2775 ὀνόματος.
474 2729 738 2777 ΗΗΗΙΔῙΔΔΔ.
771 2734 928 2767 Numero
948 2746 1110 2768 versuum
1132 2742 1225 2768 caret
1247 2735 1288 2769 B.
1378 2740 1397 2767 g
1418 2735 1494 2779 περὶ
1516 2735 1552 2769 S.
1587 2735 1786 2781 Legebatur

266 2785 361 2829 ὑπέρ.
474 2782 493 2809 h
512 2787 770 2831 Argumentum
791 2799 811 2820 a
831 2799 877 2820 m.
898 2798 966 2821 rec.
990 2788 1095 2821 habet
1118 2788 1152 2821 S.
1269 2788 1273 2809 ἰ
1295 2788 1385 2832 παρὰ
1405 2788 1565 2822 ἏόΠίυε.
1596 2790 1671 2833 περὶ
1691 2789 1782 2822 libri.

266 2834 285 2861 k
310 2837 499 2883 Πλαγγὼν]
522 2840 686 2884 πλάγγων
706 2839 746 2872 F.
771 2847 805 2872 et.
824 2839 915 2873 infra
940 2842 1147 2884 πλάγγονος.
1200 2841 1256 2874 Sic
1283 2841 1388 2874 etiam
1410 2841 1445 2880 S,
1465 2840 1532 2874 nisi
1552 2842 1646 2886 quod
1674 2843 1784 2886 πλάγ-

265 2904 382 2934 γωνος.
495 2889 501 2910 ¹
523 2891 570 2936 οἱ]
596 2893 613 2923 ὁ
636 2892 674 2925 F.
788 2897 817 2915 Π]
839 2892 1010 2937 ὁποτέρων
1032 2893 1112 2927 RS.
1142 2893 1293 2941 ὁποτέρῳ
1313 2894 1431 2939 vulgo.
1554 2900 1573 2917 ¹¹
1595 2894 1631 2927 δὲ
1652 2906 1722 2928 om.
1747 2895 1783 2928 S.

267 2947 284 2965 0
305 2942 344 2985 δὴ
367 2942 405 2977 S.
434 2943 469 2977 δὲ
489 2944 607 2989 vulgo.
721 2950 740 2978 P
760 2943 796 2990 ὃ]
823 2945 905 2989 ὅπερ
928 2947 1000 2979 As.
