1965 3236
49 165 233 208 —1047‚
249 171 301 196 95.
665 161 805 198 ΠΡΟΣ
837 161 1171 198 ΦΑῘΝΙΠΠΟΝ.
1578 159 1689 200 1077

175 269 336 335 ἄνδρες
374 274 605 334 δικασταὶ,
647 273 923 333 Φαίνιππος,
963 271 1152 340 ἀνοίξας
1196 271 1256 322 τὰ
1295 294 1681 338 παρασεσημασ-

172 354 288 417 μένα
329 359 423 405 τῶν
461 354 738 418 οἰκημάτων,
778 358 839 408 ὡς
880 357 985 417 ὑμῖν
1022 355 1385 422 μεμαρτύρηται,
1427 357 1502 406 καὶ
1544 379 1808 421 κατα-1047

172 436 325 488 λιπὼν
351 438 445 488 ὅσα
471 438 629 507 ἔδοξεν
655 440 793 507 αὐτῷ,
814 439 1010 508 δευτέρῳ
1035 441 1145 503 μηνὶ
1170 438 1255 503 τὴν
1280 439 1528 507 ἀπόφασιν
1548 439 1693 490 ἔδωκέ

172 544 252 584 μοι
290 525 371 585 τῆς
410 524 588 576 οὐσίας.
641 524 750 573 ἀλλ’
781 522 904 585 ὅμως
931 523 983 573 ἔα
1007 529 1171 573 ταῦτα.
1232 523 1340 588 λε’γε
1367 524 1404 572 δ’
1434 526 1686 574 Βέντευθενὶ

173 612 201 634 “
220 607 293 656 ἐπὶ
320 607 498 660 τούτοις
523 605 633 657 τάδε
659 608 879 674 ὁφείλω.”

775 706 1088 749 ΑΠΟΦΑΣΙΣ.

105 791 158 832 35
246 779 487 845 Ἐπίσχες.
527 780 644 843 αὕτη
671 780 814 841 ἐστὶν,
840 776 877 829 ὦ
897 780 1060 845 ἄνδρες
1087 781 1318 842 δικασταὶ,
1344 780 1373 843 ἡ
1400 779 1684 846 Ἀριστονόη
1698 811 1714 840 5

173 863 226 925 ²⁷}
265 868 347 912 τοῦ
388 862 720 929 Φιλοστράτου
759 862 983 929 θυγάτηρ,
1013 861 1167 929 μήτηρ
1202 862 1252 913 δὲ
1286 865 1482 915 τουτουί.
1540 865 1686 932 ταύτῃ

171 947 353 1013 “χρέως
392 949 543 1015 φησὶν
578 948 856 1015 ὀφείλεσθαι
901 948 1164 1001 Φαίνιππος
1206 946 1292 1009 τὴν
1333 952 1515 1013 προῖκα,
1555 948 1608 1012 ἧς
1645 952 1686 998 οἱ

174 1029 304 1093 νόμοι
342 1030 499 1097 κύριον
537 1037 702 1082 τοῦτον
736 1037 940 1093 ποιοῦσι,
965 1030 1253 1099 ψευδόμενος
1288 1032 1363 1081 καὶ
1390 1032 1442 1081 οὐ
1468 1032 1685 1085 Χδικαίως

104 1127 158 1178 36
172 1114 409 1181 χρώμενος
446 1119 504 1183 τῇ
542 1117 797 1183 ἀποφάσει.
862 1115 937 1166 διὰ
974 1116 1023 1165 τί
1053 1115 1146 1180 γὰρ
1183 1114 1289 1180 ἐγὼ,
1317 1116 1564 1178 Φαίνιππε,
1596 1139 1681 1178 με·
1702 1140 1739 1160 10

171 1199 346 1263 νούσης
371 1223 449 1262 μοι
476 1202 558 1263 τῆς
582 1200 758 1266 μητρὸς
795 1202 844 1251 ἐν
878 1203 944 1269 τῷ
977 1199 1086 1268 οἴκῳ
1125 1202 1199 1250 καὶ
1227 1198 1380 1265 ζώσης
1415 1201 1490 1250 καὶ
1516 1205 1685 1266 προῖκα

171 1284 547 1349 ἐπενεγκαμένης,
586 1285 669 1334 οὐκ
711 1284 979 1354 ἀπογράφω
1023 1284 1108 1349 τὴν
1143 1290 1315 1351 προῖκα
1353 1284 1500 1352 χρέως
1542 1286 1684 1352 Υαύτῇ

171 1368 275 1418 οὐδὲ
309 1368 662 1434 παρακρούομαι
700 1368 807 1421 τοὺς
846 1368 1086 1432 δικαστὰς,
1113 1371 1226 1420 ἀλλ’
1254 1371 1312 1420 ἐῶ
1348 1369 1558 1436 μετέχειν
1590 1373 1685 1420 τῶν

170 1454 369 1516 ἐμαυτοῦ
396 1451 481 1516 τὴν
501 1453 692 1518 μητέρα,
719 1453 776 1503 ἄν
802 1476 851 1503 τε
877 1452 962 1517 τὴν
990 1454 1257 1504 Φαινίππου
1276 1453 1333 1503 ἄν
1358 1476 1406 1503 τε
1432 1451 1519 1516 τὴν
1544 1454 1683 1516 ἐμαυ-

169 1542 251 1587 τοῦ
286 1537 377 1604 ἔχω
413 1537 610 1596 οὐσίαν;
652 1536 723 1586 ὅτι
756 1540 798 1586 οἱ
837 1536 968 1599 νόμοι
1004 1543 1152 1587 ταῦτα
1188 1536 1472 1599 κελεύουσιν,
1499 1534 1536 1586 ὦ
1560 1536 1675 1597 βέλ-
1699 1560 1734 1589 ¹5

170 1641 319 1672 τιστε·
362 1620 426 1672 σὺ
469 1621 517 1672 δὲ
566 1619 722 1672 πάντα
771 1625 915 1674 ποιεῖς
965 1619 1095 1687 παρὰ
1139 1618 1246 1674 τοὺς
1296 1619 1481 1683 νόμους.
1548 1627 1564 1646 ²
1583 1620 1682 1686 λέγ’

171 1706 343 1771 ἕτερον.

776 1794 1088 1835 ΑΠΟΦΑΣΙΣ.

104 1888 155 1930 37
248 1878 479 1940 Ἀκούετε,
529 1876 565 1928 ὦ
616 1879 779 1944 ἄνδρες
830 1878 1061 1928 δικασταί
1128 1879 1376 1947 Παμφίλῳ
1438 1879 1560 1946 φησὶ
1611 1880 1687 1928 καὶ

171 1960 434 2031 ειΦειδόλεῳ
472 1963 800 2025 (Ραμνουσίοις
839 1965 968 2029 κοινῇ
1013 1961 1249 2012 τάλαντον
1288 1960 1571 2030 ὺένοφείλειν
1611 1962 1686 2011 καὶ

174 2047 397 2113 Αἰαντίδῃ
424 2049 576 2096 Φλυεῖ
596 2046 976 2113 τετρακισχιλίας
1015 2049 1090 2096 καὶ
1125 2044 1449 2112 Ἀριστομένει
1473 2046 1682 2111 Ἀναγυ-
1699 2070 1740 2090 20

169 2128 322 2196 ρασίῳ
361 2129 584 2194 τέτταρας
626 2130 702 2178 καὶ
743 2129 852 2178 δέκα
887 2133 1018 2190 μνᾶς.
1079 2128 1155 2178 διὰ
1195 2129 1243 2178 τί
1270 2128 1398 2189 Οοῦν,
1438 2127 1684 2188 Φαίνιππε,

171 2211 247 2261 ὅτε
285 2211 368 2274 μὲν
403 2212 495 2276 ἐγὼ
536 2212 775 2278 μάρτυρας
810 2211 930 2278 ἔχων
970 2211 1163 2276 ἠρώτων
1199 2234 1257 2261 σε
1297 2211 1338 2261 ε’ί
1368 2234 1411 2261 τι
1449 2210 1686 2278 ἀόφείλεις

102 2296 245 2360 38ἐπῖ
275 2299 333 2361 τῇ
371 2297 582 2364 ἐσχατιᾷ,
610 2298 684 2345 καὶ
720 2295 931 2346 ἐκέλευον
957 2302 972 2320 ‘⁹‘
990 2295 1136 2363 δεῖξαι
1163 2295 1272 2360 ὅρον
1307 2295 1349 2344 εἴ
1377 2317 1470 2345 που
1508 2294 1683 2355 ἔπεστι,

169 2383 245 2429 καὶ
271 2378 640 2446 διεμαρτυρόμην
667 2379 793 2433 ὅπως
826 2378 891 2443 μή
925 2401 1004 2442 μοι
1037 2380 1236 2444 ὕστερον
1261 2378 1684 2441 κατεσκευασμένοι

169 2465 406 2514 δανεισταὶ
457 2461 794 2531 ἰφανήσονται,
838 2462 941 2513 τότε
986 2462 1070 2526 μὲν
1116 2462 1247 2513 οὐδὲν
1297 2462 1541 2530 ἀπέφηνας
1590 2467 1683 2513 τῶν
1699 2485 1734 2513 25

224 2614 238 2633 S
268 2609 450 2654 ἐντευθενὶ]
482 2610 634 2644 ἐντεῦθεν
654 2612 694 2644 Α.
719 2610 791 2655 (eui
821 2610 987 2644 ἐντευθενὶ
1016 2622 1078 2655 per
1107 2621 1260 2643 errorem
1289 2609 1412 2642 tribuit
1436 2609 1573 2653 Reisk.)
1598 2615 1631 2643 et
1654 2622 1681 2643 r.

170 2665 182 2688 t
202 2662 220 2705 ἡ
241 2674 310 2695 om.
331 2663 445 2697 A.S.1·.
591 2669 611 2687 ¹1
630 2663 737 2708 χρέως
757 2664 798 2697 Α.
820 2664 948 2709 aliique
968 2664 1024 2697 hic
1045 2669 1080 2696 et
1099 2663 1199 2696 infra.
1229 2661 1330 2707 χρέος
1349 2663 1466 2707 vulgo.
1594 2668 1613 2686 Χ
1636 2662 1684 2695 δι-

169 2715 287 2760 καίως]
312 2715 434 2749 δικαίαι
455 2716 541 2754 RQ.
681 2723 699 2749 Υ
718 2717 819 2763 αὐτῇ]
845 2717 948 2760 αὐτὴν
970 2717 1006 2751 S.
1137 2721 1154 2740 Ζ
1174 2715 1245 2761 λέγ’
1267 2715 1398 2760 ἕτερον]
1422 2717 1503 2761 λέγε
1522 2714 1551 2748 δ’
1571 2714 1685 2759 ἕτερον

168 2803 242 2836 A.r.
356 2807 374 2827 a
393 2802 563 2848 φειδόλεῳ
585 2804 653 2836 A.r.
685 2766 839 2845 φιλδόλεω
861 2803 899 2837 F.
934 2803 1156 2837 scribebatur
1176 2802 1338 2848 Φιδόλεῳ.
1451 2797 1470 2824 b
1494 2800 1684 2844 ἐνοφείλειν

170 2855 207 2889 S.
243 2854 277 2888 ἓν
297 2855 450 2900 ὀφείλειν
468 2869 525 2901 γρ.
549 2855 635 2893 RQ.
682 2854 835 2899 ὀφείλειν
855 2856 971 2901 vulgo.
1102 2861 1118 2880 0
1137 2854 1196 2888 οὖν
1215 2867 1284 2888 om.
1308 2855 1342 2888 S.
1471 2849 1490 2877 d
1510 2851 1680 2896 ὀφείλεις]

168 2907 324 2952 ὀφείλοις
343 2909 413 2942 A.r.
562 2913 577 2932 e
598 2908 704 2952 δεῖξαι
725 2907 823 2953 ὅρον]
849 2907 929 2953 ὅρον
948 2909 1055 2953 δεῖξαι
1075 2910 1149 2943 A.r.
1288 2905 1303 2931 f
1319 2905 1547 2952 φανήσονται]
1572 2906 1682 2951 φανή-

169 2975 294 2994 σωνται
317 2963 389 2995 A.r.
