1965 3236
55 171 310 215 —1045,27.
672 163 814 201 ΠΡΟΣ
846 163 1178 200 ΦΑΙΝΙΠΠΟΝ.
1584 162 1693 204 1075

177 273 320 325 πόλλ’
349 276 399 326 ἐκ
434 279 528 325 τῶν
559 275 708 341 ἐργων
733 278 827 324 τῶν
853 274 1135 339 Ράργυρείων
1161 273 1267 339 ἐγὼ,
1295 274 1541 335 Φαίνιππε,
1568 272 1686 338 πρό-

178 381 312 424 τερον
343 358 480 412 αὐτὸς
517 364 582 427 τῷ
620 361 820 422 ἐμαυτοῦ
853 356 1041 420 σώματι
1078 362 1236 408 πονῶν
1274 359 1349 408 καὶ
1387 356 1690 422 ἐργαζόμενος
1709 374 1813 417 1045

178 442 522 510 συνελεξάμην·
581 443 816 506 ὁμολογῶ.
886 443 984 491 νυνὶ
1035 440 1083 491 δὲ
1132 440 1262 504 πλὴν
1306 441 1481 506 ὀλίγων
1521 439 1686 491 ἅπαντ’

178 527 479 578 ἀπολώλεκα.
535 526 599 577 σὺ
625 528 661 577 δ’
691 527 740 576 ἐκ
765 528 846 589 τῆς
879 526 1101 592 ἐσχατιᾶς
1128 530 1237 575 Ἷνῦν
1262 529 1439 576 πωλῶν
1464 524 1546 578 τὰς
1586 547 1684 590 κρι-

178 610 263 664 θὰς
303 609 850 677 ὀκτωκαιδεκαδράχμους
886 611 960 659 καὶ
1002 608 1084 660 τὸν
1123 607 1247 660 οἶνον
1286 608 1744 676 δωδεκάδραχμον,5’

178 700 393 748 πλουτεῖς
457 694 654 756 εἰκότως,
705 693 890 745 ἐπειδὰν
940 697 1077 760 ποιῇς
1127 695 1263 746 σίτου
1311 694 1395 758 μὲν
1444 694 1690 757 μεδίμνους

178 779 352 829 Γπλεόν
390 776 419 842 ἢ
455 778 648 845 χιλίους,
685 777 809 828 οἴνου
844 776 891 827 δὲ
926 784 940 803 S
951 776 1180 842 μετρήτας
1213 777 1326 843 ὑπὲρ
1367 777 1685 830 ὀκτακοσίους.

113 884 162 925 27
178 862 243 912 ἔτι
269 864 349 913 οὖν
375 862 461 926 τὴν
487 862 630 926 αὐτὴν
660 863 779 926 ἡμᾶς
815 861 950 930 τάξιν
975 861 1095 928 ἔχειν
1121 864 1200 923 δεῖ,
1227 860 1291 925 μὴ
1317 864 1399 925 τῆς
1424 862 1564 924 αὐτῆς
1602 859 1683 910 τύ-

175 969 262 1013 χης
287 947 395 1010 ἡμῖν
421 945 895 1012 ἴπαρακολουθούσης
931 950 1012 995 νῦν
1042 967 1091 995 τε
1126 947 1202 995 καὶ
1226 943 1454 1011 πρότερον
1477 966 1488 1006 ;
1532 947 1683 1008 μηδα-

174 1035 290 1094 μῶς·
331 1032 384 1081 οὐ
422 1029 515 1096 γὰρ
551 1031 739 1081 δίκαιον.
799 1028 930 1079 ἀλλὰ
968 1028 1176 1097 διάδεξαι
1213 1031 1288 1079 καὶ
1329 1028 1393 1078 σὺ
1428 1030 1504 1079 καὶ
1541 1026 1683 1091 μετά-
1706 1046 1743 1067 10

174 1120 296 1175 λαβε
340 1113 506 1180 μικρὸν
550 1112 721 1180 χρόνον
764 1115 847 1176 τῆς
898 1118 980 1162 τοῦ
1025 1120 1045 1138 “
1067 1118 1448 1178 λειτουργοῦντος
1497 1111 1689 1180 τάξεως,

173 1197 328 1262 ἐπειδὴ
356 1202 397 1249 οἱ
424 1197 508 1260 μὲν
534 1199 582 1248 ἐν
607 1202 703 1250 τοῖς
730 1197 880 1263 ἔργοις
916 1196 1221 1263 ἠτυχήκασιν,
1250 1198 1376 1260 ὑμεῖς
1402 1198 1438 1247 δ’
1468 1200 1509 1247 οἱ
1535 1219 1687 1264 γεωρ-

112 1288 365 1348 23γοῦντες
401 1289 420 1307 x
437 1283 667 1347 εὐπορεῖτε
693 1285 883 1344 μᾶλλον
909 1279 937 1345 ὴ
962 1284 1216 1346 προσῆκεν.
1278 1280 1435 1331 ἱκανὸν
1459 1281 1553 1347 γὰρ
1579 1279 1691 1347 χρό-

176 1390 256 1417 νον
283 1366 348 1417 δύ’
377 1367 540 1420 οὐσίας
579 1364 895 1431 καρπούμενος
935 1367 1171 1426 διατελεῖς,
1195 1363 1280 1429 τὴν
1310 1364 1395 1428 μὲν
1425 1369 1508 1414 τοῦ
1547 1363 1690 1433 φύσει

174 1450 352 1517 πατρὸς
393 1451 700 1511 Καλλίππου,
727 1448 812 1513 τὴν
848 1448 896 1499 δὲ
931 1455 1012 1499 τοῦ
1051 1448 1372 1512 ποιησαμένου
1406 1456 1502 1510 )’σε,
1536 1452 1684 1499 Φιλο-
1707 1465 1741 1495 ¹5

175 1534 384 1600 στράτου
410 1542 427 1560 ²
444 1540 525 1585 τοῦ
550 1533 758 1601 ῥήτορος,
787 1535 861 1583 καὶ
887 1533 1018 1583 οὐδὲν
1043 1533 1234 1583 πώποτε
1260 1535 1502 1584 ἷᾶιτουτοισὶ
1526 1534 1690 1583 πεποί-

176 1642 305 1681 ηκας.
362 1620 510 1668 καίτοι
546 1620 570 1668 ὁ
605 1617 689 1681 μὲν
726 1617 834 1680 ἐμὸς
872 1616 1028 1683 πατὴρ
1062 1617 1198 1667 πέντε
1236 1620 1312 1667 καὶ
1346 1615 1690 1682 τετταράκοντα

175 1708 305 1766 μνῶν
342 1702 498 1767 μόνων
537 1702 750 1771 ἑκατέρῳ,
795 1703 894 1766 ἐμοὶ
932 1705 1007 1752 καὶ
1047 1706 1112 1771 τῷ
1150 1704 1357 1770 ἀδελφῷ,
1398 1700 1484 1765 τὴν
1522 1702 1691 1752 οὐσίαν

111 1811 162 1852 29
177 1787 438 1849 κατέλιπεν,
466 1789 550 1854 ἀφ’
577 1787 631 1851 ἧς
668 1786 754 1853 ζῆν
790 1788 843 1836 οὐ
868 1785 1030 1855 ῥᾴδιόν
1056 1789 1199 1837 ἐστιν·
1240 1790 1281 1836 οἱ
1316 1785 1364 1837 δὲ
1390 1788 1470 1836 σοὶ
1495 1784 1690 1852 πατέρες
1703 1807 1744 1827 20

175 1872 417 1922 τοσούτων
454 1870 581 1934 ἦσαν
618 1869 764 1936 κύριοι
803 1869 1071 1937 χρημάτων,
1097 1869 1216 1922 ὥσθ’
1244 1871 1460 1936 ἑκατέρου
1498 1870 1691 1936 τρίπους

175 1954 421 2015 ἀνάκειται,
448 1953 742 2018 νικησάντων
768 1956 921 2005 αὐτῶν
948 1955 1180 2006 Διονύσια
1210 1955 1555 2022 χορηγούντων.
1614 1956 1690 2005 καὶ

174 2040 227 2089 οὐ
254 2043 429 2106 φθονῶ·
471 2042 541 2089 δεῖ
561 2037 653 2104 γὰρ
678 2037 784 2091 τοὺς
812 2038 1034 2103 εὐπόρους
1060 2039 1322 2106 χρησίμους
1350 2037 1543 2091 hafn-0135·
1567 2061 1690 2104 παρ-

175 2124 293 2189 ἔχειν
319 2127 413 2175 τοῖς
439 2123 671 2175 πολίταις.
727 2121 790 2171 συ
818 2123 972 2171 τοίνυν
999 2122 1151 2189 δεῖξον
1177 2128 1388 2188 χαλκοῦν
1413 2123 1520 2172 ς’ἕνα
1545 2121 1690 2185 μόνον

175 2211 237 2259 εἰς
275 2206 359 2270 τὴν
397 2205 539 2257 πόλιν
577 2204 881 2269 ἀάνηλωκὼς,
913 2206 937 2255 ὁ
972 2205 1056 2258 τὰς
1090 2207 1172 2256 δύο
1206 2206 1573 2272 λειτουργούσας
1612 2208 1688 2257 οὐ-
1701 2228 1739 2259 25

108 2291 284 2354 3οσιάς
325 2289 644 2358 παρειληφώς.
691 2290 799 2338 ἀλλ’
848 2289 900 2338 οὐ
943 2289 1120 2356 δείξεις·
1163 2290 1550 2355 ἀποκρύπτεσθαι
1593 2290 1687 2356 γὰρ

176 2377 251 2424 καὶ
279 2374 549 2424 διαδύεσθαι
588 2375 663 2424 καὶ
693 2371 848 2424 πάντα
881 2377 1027 2423 ποιεῖν
1055 2373 1111 2441 ἐξ
1133 2371 1196 2424 ὧν
1221 2372 1286 2436 μὴ
1313 2372 1687 2439 ελειτουργήσεις

230 2563 248 2589 Ρ
277 2557 479 2602 ἀργυρείων]
504 2557 671 2603 ἀργυρίων
690 2559 773 2593 As.
916 2565 933 2591 ‘1
964 2561 1022 2592 νῦν
1038 2560 1073 2592 in
1093 2571 1202 2604 marg.
1226 2559 1261 2592 S.
1284 2559 1326 2592 ab
1347 2559 1467 2592 cadem
1489 2570 1605 2598 manu,
1629 2558 1689 2591 sed

175 2617 370 2644 atramento
390 2610 469 2644 alio.
605 2617 620 2635 1'
638 2611 743 2645 πλέον
762 2613 837 2645 Am.
889 2613 1112 2646 Scribebatur
1130 2614 1262 2646 πλεῖον.
1312 2613 1408 2645 Fort.
1429 2612 1539 2645 πλεῖν.
1583 2611 1690 2644 πλέον

175 2664 253 2697 libri
273 2676 394 2697 omnes
415 2676 449 2708 p.
471 2673 582 2709 1047,
606 2662 667 2698 28.
704 2666 816 2710 1048,
843 2664 897 2700 16.
975 2671 988 2689 s
1008 2664 1190 2710 μετρήτας]
1213 2665 1380 2710 μετρητὰς
1400 2666 1472 2699 A.1·.
1549 2662 1563 2688 ἵ
1581 2678 1687 2707 παρα-

736 2714 743 2725 ,

682 2726 745 2750 ησα

175 2758 425 2804 κολουθούσης]
460 2758 782 2803 παρακολουθούσης
818 2761 855 2794 F.
987 2766 1007 2784 Η
1034 2759 1331 2805 λειτουργοῦντος]
1368 2761 1568 2803 λειτουργοῦ
1601 2758 1687 2796 RQ.

176 2817 193 2835 Χ
215 2812 404 2857 εὐπορεῖτε]
430 2812 628 2856 εὐφρονεῖτε
649 2813 723 2846 Am.
812 2819 828 2845 y
850 2827 889 2846 σε
911 2814 946 2846 in
965 2828 1020 2859 γρ.
1044 2813 1133 2851 F.Q.
1231 2818 1248 2836 Ζ
1269 2814 1329 2845 τοῦ
1349 2824 1418 2845 om.
1442 2812 1478 2846 S.
1573 2816 1592 2835 a
1611 2825 1687 2844 του-

175 2865 283 2909 τοισὶ]
306 2863 440 2898 τούτοις
461 2865 496 2898 S.
608 2864 624 2886 b
645 2865 783 2910 αὑτοὺς]
808 2866 945 2901 ἑαυτοὺς
965 2867 1037 2900 Α.1“.
1142 2871 1158 2889 ⁰
1178 2865 1251 2910 ἕνα]
1276 2864 1310 2898 ἓν
1332 2865 1366 2898 S.
1471 2860 1490 2887 (Ῑ
1510 2864 1688 2906 ἀνηλωκὼς

175 2918 230 2951 hic
251 2925 285 2951 et
306 2918 423 2962 paullo
443 2924 523 2962 post
542 2920 657 2952 A.s.1·.
704 2919 925 2952 scribebatur
944 2919 1134 2953 ἀνηλωκώς.
1279 2923 1294 2942 θ·
1318 2915 1591 2961 λειτουργὴσεις]
1616 2917 1686 2949 λει-

176 2970 367 3015 τουργήσῃς
388 2971 504 3005 A.F.r.
