1965 3236
276 129 360 167 888
716 99 720 102 ⁵
814 131 1242 169 ΔΗΜοΣΘΕΝογΣ
1355 129 1437 169 OR.
1455 129 1646 168 XXIX.
1671 144 1710 183 p.
1730 130 1752 167 8
1757 139 1828 182 54,
1845 143 1923 165 4—

277 238 306 302 ἢ
341 240 455 305 γόης
495 242 615 291 οὕτω
652 241 913 304 θαυμάσιος
946 246 1073 292 δοκεῖ
1103 242 1325 306 γενέσθαι
1357 246 1431 292 καὶ
1459 242 1611 307 λέγειν
1639 241 1828 303 δεινὸς,5

279 321 395 374 ὥστ’
436 325 484 373 ἐκ
527 323 737 388 Ιίταύτης
778 328 860 387 τῆς
901 326 1156 391 μαρτυρίας
1196 324 1380 393 διδάξαι
1415 327 1496 376 τιν’
1539 325 1801 391 ἀνθρώπων

280 409 342 460 ὡς
393 408 486 474 ἔχει
536 407 622 472 τὴν
661 409 811 473 προῖκ’
849 407 1074 475 ’Ἄφοβος
1127 411 1208 471 τῆς
1252 407 1428 474 μητρὸς
1473 412 1554 472 τῆς
1595 407 1800 459 1ἑαυτοῦ.

281 492 356 540 καὶ
383 492 431 540 τί
453 491 622 555 λε’γων,
650 490 686 540 ὦ
712 490 830 557 πρὸς
856 490 1013 544 111Διός
1035 513 1047 552 3
1092 498 1109 516 ῃ
1121 489 1437 556 ὡμολόγησεν
1463 489 1576 542 εἶναι
1605 491 1802 542 Μιλύαν

281 573 559 640 ἐλεύθερον;
604 577 679 625 καὶ
717 575 764 625 τί
795 579 985 637 μᾶλλον
1017 574 1172 640 Οἔχων
1211 573 1296 637 τὴν
1334 580 1534 640 προῖκας
1580 574 1711 626 οὐδὲν
1746 573 1805 625 ἂν

213 656 431 720 4Ιδήπου
471 657 546 707 διὰ
581 656 717 707 τοῦτό
749 681 802 723 γε
838 656 1027 726 δόξειεν.
1083 656 1214 706 ἀλλὰ
1248 656 1392 708 πόθεν
1427 661 1584 709 Ρτοῦτ’
1624 659 1798 709 ἐπεδεί-
1819 679 1857 699 10

282 745 406 808 χθη;
471 746 660 806 πρῶτον
701 741 786 803 μὲν
832 741 1134 806 Θηριππίδης
1177 739 1241 790 ὢν
1286 742 1412 810 αὐτῷ
1462 743 1805 807 συνεπίτροπος

284 824 667 891 κατεμαρτύρησε
707 827 878 875 δοῦναι·
923 824 1136 889 δεύτερον
1173 823 1222 874 δὲ
1258 824 1439 888 Δήμων
1475 829 1594 877 θεῖος
1634 823 1699 874 ὧν
1732 827 1805 875 καὶ

283 913 377 959 τῶν
403 909 569 959 ἄλλων
597 912 638 959 οἱ
663 907 891 974 παρόντες
917 908 1249 974 ἐμαρτύρησαν
1275 913 1411 959 σῖτον
1447 913 1503 976 τῇ
1535 911 1674 975 μητρὶ
1709 910 1800 960 δώ-

287 1016 391 1043 σειν
419 994 670 1058 ὁμολογεῖν
696 999 863 1043 τοῦτον
891 995 980 1045 Ἷὼς
1018 993 1186 1059 ἔχοντα
1224 992 1308 1055 τὴν
1341 998 1526 1059 προῖκα.
1589 996 1664 1043 καὶ
1695 993 1802 1044 τού-

284 1100 380 1130 τοις
408 1078 490 1127 ούκ
526 1076 848 1145 ἐπεσκήψατο,
878 1076 1096 1140 δηλονότι
1124 1079 1206 1130 rebs·
1246 1079 1430 1140 τάληθῆ
1458 1077 1858 1143 μεμαρτύρηται15

286 1161 431 1215 εἰδώς.
473 1162 537 1211 ε”τι
563 1162 718 1211 τοίνυν
745 1162 771 1224 ἡ
799 1160 953 1226 μήτηρ
980 1168 994 1186 ³
1012 1163 1177 1211 πίστιν
1204 1162 1411 1226 ἠθέλησε
1447 1164 1667 1212 ἐπιθεῖναι
1706 1163 1803 1212 κατ’

286 1248 397 1310 ἐμοῦ
459 1249 532 1295 καὶ
591 1248 673 1308 τῆς
723 1247 947 1312 ἀδελφῆς,
999 1247 1424 1310 παραστησαμένη,
1477 1247 1672 1306 ἴλαβεῖν
1721 1244 1807 1309 τὴν

285 1335 456 1396 προῖκα
482 1335 647 1380 τοῦτον
672 1329 756 1391 τὴν
784 1331 947 1392 ἑαυτῆς
986 1328 1104 1379 κατὰ
1129 1329 1215 1393 τὴν
1239 1335 1322 1380 τοῦ
1357 1328 1534 1395 πατρὸς
1562 1328 1802 1393 διαθήκην.

219 1432 273 1472 42
287 1413 459 1466 ταύτας
497 1412 582 1466 τὰς
620 1412 909 1478 ὀγδοήκοντα
946 1418 1066 1476 μνᾶς
1110 1414 1263 1478 πότερ’
1306 1412 1448 1463 αὑτὸν
1484 1413 1604 1479 ἔχειν
1644 1418 1807 1482 φῶμεν
1822 1432 1862 1452 ²0

288 1496 316 1562 ἢ
350 1497 450 1561 μή;
495 1499 569 1547 καὶ
605 1497 804 1562 πότερον
831 1495 906 1547 διὰ
932 1497 1100 1547 τούσδε
1137 1498 1334 1564 υὸφλεῖν
1366 1496 1472 1549 τοὺς
1503 1495 1741 1563 μάρτυρας
1779 1496 1809 1560 ὴ

290 1581 365 1632 διὰ
424 1581 626 1639 τούσδες
692 1580 784 1646 ἐγὼ
829 1581 944 1644 Χμὲν
995 1580 1087 1647 γὰρ
1134 1580 1259 1645 οἶμαι
1312 1581 1387 1632 διὰ
1436 1581 1521 1645 τὴν
1567 1581 1807 1646 ἀλήθειαν.

290 1665 461 1718 ταύτας
500 1667 655 1716 τοίνυν
690 1666 779 1716 δέκ’
806 1665 884 1729 ε”τη
925 1666 1293 1731 κεκαρπωμένος,
1320 1669 1396 1715 καὶ
1423 1665 1526 1716 οὐδὲ
1557 1667 1687 1730 δίκην
1714 1668 1806 1733 ὀφ-

291 1749 391 1799 λὼν
430 1751 684 1800 ἀποδοῦναι
729 1748 1042 1811 τετολμηκὼς,
1085 1747 1210 1799 δεινὰ
1247 1749 1525 1800 πεπονθέναι
1569 1751 1691 1816 φησὶ
1736 1752 1812 1800 καὶ

292 1832 367 1883 διὰ
393 1832 563 1883 τούσδε
602 1832 710 1886 τοὺς
739 1831 977 1898 μάρτυρας
1004 1832 1290 1899 ὠφληκέναι.
1350 1834 1498 1883 καίτοι
1524 1841 1542 1867 5
1560 1832 1739 1883 τούτων
1765 1835 1808 1898 γ’
1825 1854 1862 1885 25

292 1918 438 1970 οὐδεὶς
465 1917 605 1967 αὐτὸν
633 1917 751 1984 ἔχειν
776 1916 950 1979 ταύτην
977 1915 1312 1981 ἐμαρτύρησεν.

224 2024 277 2064 43
369 2002 487 2066 Περὶ
512 2002 667 2050 τοίνυν
701 2003 784 2063 τῆς
823 1990 1050 2052 ἐκδόσεως
1090 2002 1164 2050 καὶ
1199 2004 1293 2050 τῶν
1319 2005 1601 2051 κλινοποιῶν
1629 2004 1812 2052 καὶτοῦ

294 2081 492 2148 σιδήρου
526 2085 601 2133 καὶ
633 2089 715 2133 τοῦ
753 2083 1145 2150 καταλειφθέντος
1186 2083 1294 2145 ἡμῖν
1328 2083 1584 2151 ἐλέφαντος
1622 2085 1697 2133 καὶ
1731 2086 1814 2147 τῆς

350 2270 369 2297 k
390 2272 529 2318 ταύτης]
554 2273 697 2316 ταυτησὶ
717 2275 789 2307 As.
902 2270 911 2297 l
931 2271 1067 2317 ἑαυτοῦ]
1093 2272 1173 2316 ἐμῆς
1192 2273 1228 2306 in
1248 2287 1304 2318 γρ.
1324 2273 1363 2308 F.
1383 2279 1417 2307 et
1439 2273 1474 2307 S.
1588 2279 1613 2294 m
1634 2271 1730 2318 Διός]
1755 2273 1816 2305 τοῦ

295 2343 365 2378 διός
386 2343 425 2377 F.
541 2346 555 2362 ¹¹
577 2341 816 2388 ὡμολόγησεν]
843 2330 1068 2387 ὡμολόγησαεέ
1085 2342 1123 2375 F.
1155 2343 1335 2388 ὁμολογεῖς
1350 2344 1426 2378 Am.
1533 2349 1550 2366 0
1570 2342 1674 2388 ἔχων]
1700 2343 1814 2388 Lege-

294 2396 398 2429 batur
413 2397 490 2440 ἔχω.
523 2396 669 2429 Correxi
682 2408 723 2428 ex
739 2396 774 2429 S.
791 2397 850 2440 qui
863 2396 960 2439 ἔχων,
975 2396 1076 2429 litera
1093 2409 1109 2427 ν
1122 2402 1253 2439 puncto
1267 2403 1399 2430 notata.
1474 2404 1491 2429 Γ
1507 2396 1598 2429 τοῦτ’
1615 2396 1811 2441 ἐπεδείχθη]

296 2448 389 2482 ταῦτ’
411 2449 544 2493 ἐδείχθη
565 2450 638 2483 Am.
743 2456 759 2482 (ι
781 2448 824 2482 ὡς
844 2460 913 2482 om.
934 2461 986 2493 pr.
1012 2449 1047 2482 S.
1065 2462 1072 2481 :
1103 2448 1236 2482 addidit
1256 2462 1379 2482 manus
1396 2449 1552 2494 antiqua.
1658 2455 1672 2472 r
1692 2449 1735 2484 ὡς
1755 2449 1814 2482 τά-

296 2503 381 2545 ληθῆ
403 2501 652 2546 μεμαρτύρηται
674 2502 710 2535 S.
733 2508 768 2534 et
787 2516 842 2546 γρ.
867 2502 904 2534 F.
936 2502 1135 2546 Legebatur
1155 2502 1282 2545 τάληθῆ
1303 2504 1609 2547 μεμαρτυρηκότας.
1725 2508 1739 2526 S
1759 2503 1813 2535 πί-

297 2568 376 2588 στιν
395 2553 560 2600 ἠθέλησε]
587 2553 736 2598 ἠθέλησε
757 2568 874 2587 πιστιν
895 2555 1009 2588 A.F.1·.
1131 2552 1145 2577 t
1163 2557 1282 2594 λαβεῖν
1302 2556 1362 2598 τὴν
1382 2557 1501 2600 προῖκα
1521 2558 1641 2588 τοῦτον
1660 2556 1720 2598 τὴν
1739 2557 1815 2589 ἑαυ-

297 2608 371 2653 τῆς]
394 2610 516 2641 τοῦτον
535 2610 654 2647 λαβεῖν
673 2608 732 2650 τὴν
752 2609 873 2651 προῖκα
893 2608 952 2650 τὴν
973 2608 1090 2650 ἑαυτῆς
1111 2607 1149 2640 F.
1200 2608 1241 2641 In
1271 2609 1304 2642 S.
1327 2608 1441 2654 primo
1462 2609 1629 2653 scriptum
1656 2608 1723 2642 fuit
1752 2611 1813 2642 λα-

297 2663 372 2701 βεῖν
390 2663 512 2706 προῖκα
532 2661 592 2704 τὴν
615 2662 743 2703 ἑαυτῆς,
764 2661 869 2694 erasis
899 2673 1002 2706 super
1022 2662 1143 2705 προῖκα
1164 2667 1198 2695 et
1217 2662 1277 2705 τὴν
1297 2662 1433 2695 lineolis
1464 2674 1487 2694 11
1514 2668 1548 2695 et
1574 2674 1595 2702 1,
1618 2662 1744 2707 quibus
1774 2662 1814 2695 li-

299 2715 433 2748 brarius
452 2715 754 2759 transponendum
771 2726 845 2748 esse
875 2714 934 2756 τὴν
954 2716 1075 2759 προῖκα
1105 2715 1328 2749 indicaverat.
1376 2715 1465 2748 Tum
1482 2716 1525 2748 ab
1546 2716 1667 2749 eadem
1688 2728 1734 2748 m.
1756 2715 1817 2758 τὴν

299 2774 380 2802 ante
408 2769 529 2813 προῖκα
558 2768 728 2802 insertum
748 2776 782 2801 et
801 2767 887 2800 illud
908 2768 1002 2812 quod
1030 2775 1111 2812 post
1133 2770 1255 2813 προῖκα
1285 2769 1452 2814 scriptum
1473 2774 1546 2802 erat
1566 2769 1601 2801 in
1622 2770 1744 2802 τοῦτον
1765 2774 1817 2802 est

300 2828 475 2855 mutatum
540 2821 580 2854 Id
611 2832 692 2855 vero
722 2821 781 2864 τὴν
815 2821 882 2854 alia
910 2833 1034 2854 manus
1068 2822 1213 2866 antiqua
1245 2834 1365 2855 rursus
1396 2822 1543 2856 inseruit
1573 2829 1653 2867 post
1683 2824 1815 2855 τοῦτον.

300 2880 320 2898 u
337 2873 478 2920 ὀφλεῖν]
505 2874 729 2908 Scribebatur
749 2873 882 2918 ὅφλειν,
905 2881 939 2907 et
959 2874 1049 2907 infra
1069 2873 1201 2919 ὅφλων.
1233 2876 1350 2919 φιλειν
1370 2887 1421 2920 pr.
1445 2875 1480 2909 S.
1578 2883 1592 2900 Χ
1615 2875 1676 2918 μὲν
1696 2887 1766 2909 om.
1790 2886 1816 2907 r.

302 2933 318 2959 Y
338 2929 468 2960 τούτων
487 2926 519 2972 γ’
541 2927 667 2973 οὐδεὶς]
692 2925 820 2961 τούτων
842 2927 949 2962 οὐδεὶς
970 2930 1042 2961 Α.1·.
1073 2927 1103 2973 γ’
1125 2928 1234 2962 οὐδεὶς
1253 2927 1381 2961 τούτων
1404 2929 1441 2962 F.
