1965 3236
75 158 257 202 —1073‚
277 164 327 188 10.
673 154 816 192 ΠΡΟΣ
849 156 1234 195 ΜΑΚΑΡΤΑΤΟΝ.
1602 160 1710 200 1101

131 588 182 627 86

125 1478 176 1529 87

122 1992 174 2031 88

197 265 304 329 φῶν
350 264 655 327 κομισθείσης
704 264 834 331 παρὰ
878 271 960 316 τοῦ
1011 270 1132 328 θεοῦ,
1183 269 1272 319 “ἵν“
1320 269 1590 334 Χαῖσθησθε
1642 272 1711 323 ὅτι
1731 298 1768 319 ιο

196 343 341 394 ταύτὰ
377 345 503 411 λέγει
540 348 646 412 περὶ
679 352 774 398 τῶν
806 349 1149 414 προσηκόντων
1182 356 1278 406 τοῖς
1312 352 1469 417 νόμοις
1503 359 1599 409 τοῖς
1630 363 1712 407 τοῦ

197 427 429 482 Σόλωνος.

811 510 894 551 MA
901 511 1093 552 NTEIA.

309 596 328 624 y
345 586 494 644 Ἀγαθῇ
524 590 632 643 τύχῃ.
680 591 852 645 ἐπερωτᾷ
880 594 900 631 ὁ
929 595 1046 644 δῆμος
1067 595 1087 633 ὁ
1107 593 1328 645 Ἀθηναίων
1350 598 1437 648 περὶ
1458 600 1526 638 τοῦ
1547 600 1709 649 σημείου
1748 628 1755 635 ⁷

252 658 319 694 τοῦ
348 656 391 695 ἐν
411 659 462 710 τῷ
486 657 634 712 οὐρανῳΛ
656 657 883 709 γενομένου,
907 660 929 698 ὅ
949 677 984 700 τι
1005 660 1054 700 ἂν
1075 665 1218 713 δρῶσιν
1238 663 1462 714 Ἄθηναίοις
1482 663 1504 715 ἢ
1526 666 1599 719 ὅτῳ
1632 667 1707 720 θεῷ

250 722 450 773 θύουσινῆ
473 724 697 777 εὐχομένοις
719 727 775 776 εἵη
799 727 861 766 ἐπὶ
885 726 928 766 τὸ
954 727 1115 778 ἄμεινον
1143 729 1219 769 ἀπὸ
1245 734 1312 770 τοῦ
1341 733 1513 781 σημείου.
1555 733 1705 785 συμφέ-
1726 748 1760 778 15

249 805 309 840 ρει
328 788 549 841 Ἀθηναίοις
569 792 656 843 περὶ
681 796 747 833 τοῦ
771 795 933 844 σημείου
954 798 1021 834 τοῦ
1048 797 1091 836 ἐν
1111 799 1162 851 τῷ
1186 797 1335 852 οὐρανῷ
1361 798 1574 850 γενομένου
1598 802 1708 840 θύον-

250 872 318 898 τας
355 862 582 909 καλλιερεῖν
616 859 682 898 Διὶ
713 858 857 913 ὑπάτῳ,
891 858 1041 914 Ἀθηνᾷ
1076 861 1214 917 ὑπάτῃ,
1246 861 1450 914 (Ηρακλεῖ,
1482 863 1710 905 Ἀπόλλωνι

250 926 407 975 σωτῆρι,
438 925 499 964 καὶ
532 924 777 976 ἀποπέμπειν
802 926 1067 979 Ἀμφιόνεσσι
1097 930 1185 980 περὶ
1216 930 1334 982 τύχας
1364 932 1526 982 ἀγαθᾶς,
1558 930 1707 971 Ἀπόλ-

247 995 344 1031 λωνι
372 993 510 1043 ἀγυιεῖ,
535 995 701 1039 ΖΛατοῖ,
724 992 932 1045 Ἀρτέμιδι,
963 996 1025 1035 καὶ
1053 997 1122 1037 τὰς
1150 997 1288 1048 ἀγυιὰς
1314 1000 1493 1048 ξῑῑκνισῆν,
1526 1000 1587 1038 καὶ
1616 1016 1705 1051 κρα-
1723 1015 1763 1036 20

247 1060 364 1109 τῆρας
407 1059 571 1110 ἱστάμεν
613 1061 674 1100 καὶ
714 1061 865 1113 χοροὺς,
909 1063 971 1102 καὶ
1015 1068 1334 1115 στεφανηφορεῖν
1374 1064 1527 1105 ὶ)καττόι
1566 1066 1709 1118 πάτρια

248 1128 351 1167 θεοῖς
375 1125 607 1177 Ὀλυμπίοις
636 1128 697 1167 καὶ
721 1126 955 1179 Ὀλυμπίαις
976 1137 991 1156 c
1006 1130 1199 1170 πάντεσσι
1228 1133 1290 1171 καὶ
1316 1132 1473 1180 πάσαις,
1497 1136 1621 1183 δεξιὰς
1647 1134 1708 1175 καὶ

247 1194 452 1244 ἀριστερὰς
488 1195 739 1247 ἀνίσχοντας,
775 1199 1036 1248 μνασιδωρεῖν
1068 1197 1219 1238 ἀκαττὰ
1248 1199 1429 1250 Θπάτρια·
1471 1201 1549 1255 ἥρῳ
1586 1203 1704 1255 ἀρχη-
1722 1220 1759 1250 25

245 1259 352 1314 γε’τᾳ,
391 1262 435 1300 οὗ
472 1262 669 1312 ἐπώνυμοί
707 1264 810 1309 ἐστε,
851 1264 957 1303 θύειν
994 1264 1056 1304 καὶ
1094 1268 1328 1317 δωροτελεῖν
1364 1265 1510 1307 Ῡκαττὰ
1549 1268 1705 1320 πάτρια·

246 1332 326 1369 τοῖς
355 1329 637 1381 ἀποφθιμένοις
664 1332 740 1371 ἕέν
771 1332 977 1386 ἱκνουμένᾳ
1008 1334 1130 1388 ἁμέρᾳ
1162 1340 1295 1376 τελεῖν
1324 1336 1412 1379 τοὺς
1440 1336 1706 1381 1]τι·οθίκοντας

246 1394 254 1422 ῑ
272 1398 389 1436 καττὰ
417 1396 436 1424 k
451 1397 639 1449 ἀγημένα.

261 1474 492 1537 Ἀκούετε,
533 1474 595 1526 ¹63
639 1477 801 1543 ἄνδρες
847 1481 1077 1541 δικασταὶ,
1123 1480 1193 1531 ὅτι
1237 1481 1383 1532 ταύτὰ
1427 1482 1555 1548 λε’γει
1594 1484 1619 1533 ὅ
1656 1507 1706 1535 τε

189 1557 358 1609 Σόλων
393 1561 440 1609 ἐν
473 1565 567 1613 τοῖς
604 1560 760 1624 νόμοις
792 1564 866 1612 καὶ
903 1563 927 1611 ὁ
964 1562 1066 1617 θεὸς
1098 1565 1146 1614 ἐν
1178 1568 1235 1631 τῇ
1272 1567 1477 1634 μαντείᾳ,
1505 1566 1706 1618 κελεύων
1724 1588 1828 1633 1073

188 1648 283 1696 τοῖς
310 1644 689 1711 ΠΙκατοιχομένοις
715 1651 862 1696 ποιεῖν
882 1645 988 1700 τοὺς
1014 1647 1343 1713 προσήκοντας
1368 1651 1416 1699 ἐν
1437 1655 1536 1704 ταῖς
1561 1655 1705 1716 καθη-

188 1726 382 1780 κούσαις
408 1727 611 1793 ἡμέραις.
677 1729 807 1779 ἀλλὰ
833 1730 1010 1780 τούτων
1036 1730 1167 1782 οὐδὲν
1203 1732 1368 1795 Πέμελε
1405 1734 1705 1804 0Θεοπόμπῳ

188 1811 292 1862 οὐδὲ
326 1812 630 1882 Μακαρτάτῳ
661 1813 824 1882 τούτῳ,
852 1814 983 1865 ἀλλὰ
1012 1821 1149 1867 τοῦτο
1181 1817 1338 1881 μόνον,
1365 1818 1424 1868 τὰ
1450 1819 1515 1883 μὴ
1542 1844 1701 1886 προσ-

187 1894 360 1959 ήκοντα
386 1898 562 1950 ἑαυτοῖς
587 1897 721 1964 ἔχειν,
749 1900 823 1948 καὶ
849 1900 1063 1964 ἐγκαλεῖν
1094 1900 1164 1951 ὅτι
1190 1901 1344 1952 πολὺν
1369 1902 1540 1970 χρόνον
1566 1905 1730 1972 ε’χόν-5

188 2002 282 2030 των
308 1981 514 2030 Ρὲαυτῶν
544 1979 626 2031 τὸν
659 1984 836 2047 κλῆρον
871 1985 968 2033 νυνὶ
1000 1984 1317 2051 ἀγωνίζονται.
1372 1987 1463 2052 ἐγὼ
1491 1989 1529 2037 δ’
1558 1986 1704 2057 ᾤμην,

187 2060 224 2112 ὦ
273 2063 436 2129 ἄνδρες
487 2067 718 2126 δικασταὶ,
770 2065 1026 2131 προσήκειν
1079 2067 1162 2118 τὸν
1218 2068 1482 2136 τάλλότρια
1537 2073 1705 2126 ἀδίκως

186 2147 356 2213 ἔχοντα
391 2149 473 2197 οὐκ
511 2151 739 2212 ἐγκαλεῖν,
772 2154 809 2199 εὶ
847 2151 996 2200 πλείω
1030 2150 1201 2217 χρόνον
1235 2151 1368 2219 εῖχεν,
1402 2154 1533 2204 ἀλλά
1567 2155 1704 2222 χάριν

184 2230 361 2293 εἰδέναι,
399 2229 464 2294 μὴ
503 2231 625 2294 ἡμῖν,
665 2231 796 2281 ἀλλὰ
833 2237 891 2299 τῇ
933 2232 1065 2300 τύχῃ,
1105 2233 1174 2284 ὅτι
1215 2237 1397 2285 πολλαὶ
1436 2238 1510 2286 καὶ
1549 2239 1698 2303 ἀναγ-
1718 2260 1756 2281 ¹0

240 2412 259 2430 ¹¹
280 2406 338 2452 ἶν’]
363 2405 415 2441 ἵνα
436 2407 471 2441 δὲ
494 2408 528 2441 S.
611 2414 625 2430 Χ
647 2407 832 2455 αἴσθησθε]
855 2410 1067 2454 αἰσθήσεσθε
1088 2413 1160 2447 Α.1·.
1236 2419 1254 2446 Y
1276 2413 1465 2448 Oraculum
1487 2426 1555 2448 om.
1573 2415 1700 2454 F.S.Q.

187 2466 202 2485 ⁷-
227 2460 347 2505 Λατοῖ]
373 2460 594 2495 Scribebatur
616 2463 728 2505 Λητοῖ.
778 2463 905 2497 Forma
925 2464 1053 2498 Dorica
1079 2471 1131 2499 est
1157 2465 1193 2499 in
1216 2467 1357 2501 oraculo
1382 2468 1485 2501 simili
1505 2480 1538 2513 p.
1556 2475 1646 2515 531,
1663 2479 1700 2515 9.

184 2517 203 2536 a
223 2512 356 2559 κνισῆν]
382 2512 498 2557 κνίσην
518 2516 589 2548 A.r.
624 2515 847 2550 Scribebatur
866 2519 1022 2560 κνισσῆυ.
1094 2515 1110 2543 b
1136 2519 1255 2564 καττὰ]
1280 2521 1362 2553 κατὰ
1381 2521 1421 2554 τὰ
1438 2522 1510 2555 A.r.
1583 2527 1599 2546 θ
1619 2523 1701 2555 πάν-

184 2565 303 2610 τεσσι]
327 2568 469 2600 πάντεσι
489 2568 530 2601 A.
632 2565 650 2592 d
671 2568 790 2614 καττὰ]
816 2570 867 2602 καὶ
887 2571 928 2603 τὰ
947 2572 1019 2605 As.
1126 2577 1141 2596 θ
1161 2573 1284 2618 πάτρια
1304 2573 1464 2608 VVolfius.
1502 2574 1700 2620 Legebatur

185 2621 336 2665 πατρῴα.
448 2617 463 2643 f
479 2621 581 2653 καττὰ
603 2622 776 2655 Reiskius.
810 2623 891 2656 κατὰ
910 2624 952 2656 τὰ
972 2625 1048 2660 A.1·.
1081 2626 1133 2658 καὶ
1152 2625 1194 2659 τὰ
1213 2627 1330 2671 vulgo.
1432 2632 1452 2660 g
1472 2628 1506 2660 ἐν
1526 2629 1699 2672 ἱκνουμένᾳ

186 2670 291 2716 ἁμέρᾳ
312 2672 562 2706 Valckenarius
586 2674 769 2708 Animadv.
794 2675 830 2708 in
852 2677 1017 2711 Ammon.
1042 2690 1074 2722 p.
1100 2685 1130 2724 7.
1153 2684 1187 2712 et
1208 2680 1250 2712 ad
1271 2679 1445 2715 Herodot.
1468 2680 1503 2720 6,
1526 2679 1589 2726 65.
1634 2696 1698 2714 ενι-

186 2738 425 2769 κουμεναμεραι
454 2726 495 2758 A.
526 2738 589 2770 pro
618 2739 688 2772 quo
721 2728 844 2762 lacuna
876 2734 929 2762 est
958 2730 991 2763 in
1022 2743 1050 2764 r.
1105 2731 1146 2764 In
1175 2732 1255 2766 Ald.
1287 2738 1339 2766 est
1368 2732 1560 2776 ἐνικούμενα
1587 2748 1696 2778 μεραι.

187 2774 204 2800 h
225 2777 442 2823 ποθίκοντας]
467 2779 674 2821 ποθὴκοντας
688 2780 850 2816 XVolfius.
944 2779 952 2806 i
973 2784 1075 2816 καττὰ
1097 2785 1291 2818 Bekkerus.
1326 2785 1523 2830 Legebatur
1543 2787 1625 2818 κατὰ
1644 2787 1696 2819 τά.

187 2826 205 2853 k
227 2829 390 2876 ιῖγημένα]
415 2830 563 2876 ἁγημένα
585 2833 760 2866 Reiskius.
802 2834 933 2879 Spiritu
954 2841 988 2869 et
1007 2842 1154 2870 accentu
1174 2843 1267 2871 caret
1286 2839 1329 2871 A.
1491 2835 1499 2863 l
1521 2835 1545 2870 ὦ
1565 2850 1635 2872 om.
1660 2839 1695 2872 S.

186 2888 215 2906 m
237 2883 503 2929 κατοιχομένοις]
529 2887 800 2929 κατοιχουμένοις
820 2888 892 2921 Α.1·.
993 2895 1010 2913 ¹¹
1032 2890 1148 2936 ἔμελε]
1173 2890 1295 2933 ἔμελλε
1315 2893 1358 2923 Α.
1444 2896 1461 2914 0
1483 2891 1692 2937 Θεοπόμπῳ]

185 2937 231 2982 τῷ
250 2936 431 2979 θεοπόμπω
452 2938 525 2971 Am.
638 2944 656 2971 P
676 2938 818 2984 ἑαυτῶν]
843 2940 952 2974 αὐτῶν
972 2943 1012 2975 Α.
1031 2943 1105 2988 (qui
1127 2943 1250 2988 spiritu
1270 2945 1378 2986 caret)
1400 2954 1426 2977 r.
