<?xml version="1.0" encoding="UTF-8"?>
<!DOCTYPE html PUBLIC "-//W3C//DTD XHTML 1.0 Transitional//EN"
    "http://www.w3.org/TR/xhtml1/DTD/xhtml1-transitional.dtd">
<html xmlns="http://www.w3.org/1999/xhtml" xml:lang="en" lang="en">
 <head>
  <title>
</title>
<meta http-equiv="Content-Type" content="text/html;charset=utf-8" />
  <meta name='ocr-system' content='tesseract 3.04.00' />
  <meta name='ocr-capabilities' content='ocr_page ocr_carea ocr_par ocr_line ocrx_word'/>
</head>
<body>
  <div class='ocr_page' id='page_1' title='image "./operaexrecension03demouoft_0035.png"; bbox 0 0 1965 3236; ppageno 0'>
   <div class='ocr_carea' id='block_1_1' title="bbox 23 166 1658 214">
    <p class='ocr_par' dir='ltr' id='par_1_1' title="bbox 23 166 1658 214">
     <span class='ocr_line' id='line_1_1' title="bbox 23 166 1658 214; baseline 0.004 -11"><span class='ocrx_word' id='word_1_1' title='bbox 23 166 178 214; x_wconf 80' lang='lat'>-841,</span> <span class='ocrx_word' id='word_1_2' title='bbox 197 180 249 204; x_wconf 79' lang='lat'>⁴23.</span> <span class='ocrx_word' id='word_1_3' title='bbox 678 169 820 206; x_wconf 84' lang='grc' dir='ltr'>ΚΑΤΑ</span> <span class='ocrx_word' id='word_1_4' title='bbox 853 169 1074 207; x_wconf 72' lang='grc' dir='ltr'><strong>ΑΦΟΒΟΎ</strong></span> <span class='ocrx_word' id='word_1_5' title='bbox 1104 171 1147 206; x_wconf 88' lang='grc' dir='ltr'>Β.</span> <span class='ocrx_word' id='word_1_6' title='bbox 1575 171 1658 213; x_wconf 76' lang='lat'>875</span> 
     </span>
    </p>
   </div>
   <div class='ocr_carea' id='block_1_2' title="bbox 83 276 1749 1426">
    <p class='ocr_par' dir='ltr' id='par_1_2' title="bbox 144 276 1749 675">
     <span class='ocr_line' id='line_1_2' title="bbox 144 276 1653 342; baseline 0.003 -15"><span class='ocrx_word' id='word_1_7' title='bbox 144 276 227 331; x_wconf 80' lang='grc' dir='ltr'>τὰς</span> <span class='ocrx_word' id='word_1_8' title='bbox 266 278 393 331; x_wconf 86' lang='grc' dir='ltr'>δίκας</span> <span class='ocrx_word' id='word_1_9' title='bbox 427 279 597 332; x_wconf 87' lang='grc' dir='ltr'>ταύτας</span> <span class='ocrx_word' id='word_1_10' title='bbox 639 279 841 341; x_wconf 75' lang='grc' dir='ltr'>ἔμελλον</span> <span class='ocrx_word' id='word_1_11' title='bbox 879 278 1068 328; x_wconf 76' lang='grc' dir='ltr'>εἰσιέναι</span> <span class='ocrx_word' id='word_1_12' title='bbox 1103 280 1227 329; x_wconf 59' lang='grc' dir='ltr'>Ἷκατ’</span> <span class='ocrx_word' id='word_1_13' title='bbox 1271 281 1436 342; x_wconf 84' lang='grc' dir='ltr'>αὐτῶν,</span> <span class='ocrx_word' id='word_1_14' title='bbox 1470 282 1653 331; x_wconf 84' lang='grc' dir='ltr'>ἀντίδο-</span> 
     </span>
     <span class='ocr_line' id='line_1_3' title="bbox 146 360 1658 431; baseline 0.003 -21"><span class='ocrx_word' id='word_1_15' title='bbox 146 383 226 411; x_wconf 94' lang='grc' dir='ltr'>σιν</span> <span class='ocrx_word' id='word_1_16' title='bbox 253 362 320 411; x_wconf 85' lang='grc' dir='ltr'>ἐπ’</span> <span class='ocrx_word' id='word_1_17' title='bbox 345 360 422 424; x_wconf 80' lang='grc' dir='ltr'>ἐμὲ</span> <span class='ocrx_word' id='word_1_18' title='bbox 448 361 848 427; x_wconf 65' lang='grc' dir='ltr'>Γπαρεσκεύασαν,</span> <span class='ocrx_word' id='word_1_19' title='bbox 875 362 932 411; x_wconf 83' lang='grc' dir='ltr'>ἵν’</span> <span class='ocrx_word' id='word_1_20' title='bbox 955 366 991 411; x_wconf 79' lang='grc' dir='ltr'>εἰ</span> <span class='ocrx_word' id='word_1_21' title='bbox 1017 361 1101 425; x_wconf 77' lang='grc' dir='ltr'>μὲν</span> <span class='ocrx_word' id='word_1_22' title='bbox 1127 363 1398 425; x_wconf 54' lang='grc' dir='ltr'>Βάντιδοίην,</span> <span class='ocrx_word' id='word_1_23' title='bbox 1425 362 1489 426; x_wconf 87' lang='grc' dir='ltr'>μὴ</span> <span class='ocrx_word' id='word_1_24' title='bbox 1515 363 1658 431; x_wconf 61' lang='grc' dir='ltr'>ῒέξείη</span> 
     </span>
     <span class='ocr_line' id='line_1_4' title="bbox 147 443 1660 508; baseline 0.003 -16"><span class='ocrx_word' id='word_1_25' title='bbox 147 464 226 504; x_wconf 92' lang='grc' dir='ltr'>μοι</span> <span class='ocrx_word' id='word_1_26' title='bbox 252 443 371 508; x_wconf 82' lang='grc' dir='ltr'>πρὸς</span> <span class='ocrx_word' id='word_1_27' title='bbox 397 443 562 496; x_wconf 80' lang='grc' dir='ltr'>αὐτοὺς</span> <span class='ocrx_word' id='word_1_28' title='bbox 582 446 856 494; x_wconf 76' lang='grc' dir='ltr'>“ἀντιδικεῖν</span> <span class='ocrx_word' id='word_1_29' title='bbox 883 446 944 497; x_wconf 85' lang='grc' dir='ltr'>ὡς</span> <span class='ocrx_word' id='word_1_30' title='bbox 982 447 1057 494; x_wconf 80' lang='grc' dir='ltr'>καὶ</span> <span class='ocrx_word' id='word_1_31' title='bbox 1083 449 1177 495; x_wconf 86' lang='grc' dir='ltr'>τῶν</span> <span class='ocrx_word' id='word_1_32' title='bbox 1203 447 1343 495; x_wconf 84' lang='grc' dir='ltr'>δικῶν</span> <span class='ocrx_word' id='word_1_33' title='bbox 1366 445 1544 496; x_wconf 87' lang='grc' dir='ltr'>τούτων</span> <span class='ocrx_word' id='word_1_34' title='bbox 1577 452 1660 496; x_wconf 83' lang='grc' dir='ltr'>τοῦ</span> 
     </span>
     <span class='ocr_line' id='line_1_5' title="bbox 145 524 1749 591; baseline 0 -17"><span class='ocrx_word' id='word_1_35' title='bbox 145 524 436 579; x_wconf 62' lang='grc' dir='ltr'>Χάντιδόντος</span> <span class='ocrx_word' id='word_1_36' title='bbox 462 526 764 591; x_wconf 83' lang='grc' dir='ltr'>γιγνομένων,</span> <span class='ocrx_word' id='word_1_37' title='bbox 791 530 828 576; x_wconf 75' lang='grc' dir='ltr'>εἰ</span> <span class='ocrx_word' id='word_1_38' title='bbox 855 525 902 574; x_wconf 65' lang='grc' dir='ltr'>δὲ</span> <span class='ocrx_word' id='word_1_39' title='bbox 929 525 1072 589; x_wconf 76' lang='grc' dir='ltr'>μηδὲν</span> <span class='ocrx_word' id='word_1_40' title='bbox 1097 525 1275 576; x_wconf 86' lang='grc' dir='ltr'>τούτων</span> <span class='ocrx_word' id='word_1_41' title='bbox 1300 527 1497 590; x_wconf 79' lang='grc' dir='ltr'>ποιοίην,</span> <span class='ocrx_word' id='word_1_42' title='bbox 1526 527 1581 577; x_wconf 85' lang='grc' dir='ltr'>ἵν’</span> <span class='ocrx_word' id='word_1_43' title='bbox 1609 529 1658 578; x_wconf 86' lang='grc' dir='ltr'>ἐκ</span> <span class='ocrx_word' id='word_1_44' title='bbox 1675 535 1749 586; x_wconf 85' lang='lat'>841</span> 
     </span>
     <span class='ocr_line' id='line_1_6' title="bbox 146 608 1659 675; baseline 0.001 -16"><span class='ocrx_word' id='word_1_45' title='bbox 146 610 369 675; x_wconf 83' lang='grc' dir='ltr'>βραχείας</span> <span class='ocrx_word' id='word_1_46' title='bbox 397 611 559 662; x_wconf 78' lang='grc' dir='ltr'>οὐσίας</span> <span class='ocrx_word' id='word_1_47' title='bbox 586 614 869 675; x_wconf 80' lang='grc' dir='ltr'>λειτουργῶν</span> <span class='ocrx_word' id='word_1_48' title='bbox 894 608 1200 660; x_wconf 78' lang='grc' dir='ltr'>παντάπασιν</span> <span class='ocrx_word' id='word_1_49' title='bbox 1226 610 1526 675; x_wconf 83' lang='grc' dir='ltr'>ἀναιρεθείην.</span> <span class='ocrx_word' id='word_1_50' title='bbox 1584 612 1659 661; x_wconf 77' lang='grc' dir='ltr'>καὶ</span> 
     </span>
    </p>

    <p class='ocr_par' dir='ltr' id='par_1_3' title="bbox 83 691 1659 762">
     <span class='ocr_line' id='line_1_7' title="bbox 83 691 1659 762; baseline 0.004 -22"><span class='ocrx_word' id='word_1_51' title='bbox 83 712 128 740; x_wconf 86' lang='lat'>21</span> <span class='ocrx_word' id='word_1_52' title='bbox 148 693 268 742; x_wconf 84' lang='grc' dir='ltr'>τοῦτ’</span> <span class='ocrx_word' id='word_1_53' title='bbox 298 693 451 745; x_wconf 83' lang='grc' dir='ltr'>αὐτοῖς</span> <span class='ocrx_word' id='word_1_54' title='bbox 490 692 752 757; x_wconf 77' lang='grc' dir='ltr'>ὑπηρέτησε</span> <span class='ocrx_word' id='word_1_55' title='bbox 778 692 1097 759; x_wconf 79' lang='grc' dir='ltr'>Θρασύλοχος</span> <span class='ocrx_word' id='word_1_56' title='bbox 1131 694 1155 742; x_wconf 84' lang='grc' dir='ltr'>ὁ</span> <span class='ocrx_word' id='word_1_57' title='bbox 1189 692 1552 758; x_wconf 77' lang='grc' dir='ltr'>Ἀναγυράσιος·</span> <span class='ocrx_word' id='word_1_58' title='bbox 1594 691 1659 762; x_wconf 56' lang='lat' dir='ltr'>yffi</span> 
     </span>
    </p>

    <p class='ocr_par' dir='ltr' id='par_1_4' title="bbox 100 773 1732 1172">
     <span class='ocr_line' id='line_1_8' title="bbox 100 773 1732 840; baseline -0.001 -15"><span class='ocrx_word' id='word_1_59' title='bbox 100 773 105 779; x_wconf 28' lang='lat' dir='ltr'><em>A</em></span> <span class='ocrx_word' id='word_1_60' title='bbox 147 774 324 826; x_wconf 86' lang='grc' dir='ltr'>τούτων</span> <span class='ocrx_word' id='word_1_61' title='bbox 351 774 482 826; x_wconf 81' lang='grc' dir='ltr'>οὐδὲν</span> <span class='ocrx_word' id='word_1_62' title='bbox 507 777 775 840; x_wconf 74' lang='grc' dir='ltr'>ἐνθυμηθεὶς</span> <span class='ocrx_word' id='word_1_63' title='bbox 806 775 1038 826; x_wconf 81' lang='grc' dir='ltr'>ἀντέδωκα</span> <span class='ocrx_word' id='word_1_64' title='bbox 1073 775 1170 838; x_wconf 77' lang='grc' dir='ltr'>μὲν,</span> <span class='ocrx_word' id='word_1_65' title='bbox 1197 775 1481 826; x_wconf 83' lang='grc' dir='ltr'>Ζοἰπέκλεισα</span> <span class='ocrx_word' id='word_1_66' title='bbox 1515 776 1562 827; x_wconf 78' lang='grc' dir='ltr'>δὲ</span> <span class='ocrx_word' id='word_1_67' title='bbox 1597 779 1688 830; x_wconf 80' lang='grc' dir='ltr'>ὡς5</span> <span class='ocrx_word' id='word_1_68' title='bbox 1724 773 1732 780; x_wconf 58' lang='grc'>’</span> 
     </span>
     <span class='ocr_line' id='line_1_9' title="bbox 147 857 1659 926; baseline 0.001 -19"><span class='ocrx_word' id='word_1_69' title='bbox 147 859 438 911; x_wconf 78' lang='grc' dir='ltr'>διαδικασίας</span> <span class='ocrx_word' id='word_1_70' title='bbox 476 858 763 926; x_wconf 76' lang='grc' dir='ltr'>τευξόμενος·</span> <span class='ocrx_word' id='word_1_71' title='bbox 805 859 857 908; x_wconf 84' lang='grc' dir='ltr'>οὑ</span> <span class='ocrx_word' id='word_1_72' title='bbox 893 858 1046 923; x_wconf 74' lang='grc' dir='ltr'>τυχὼν</span> <span class='ocrx_word' id='word_1_73' title='bbox 1076 857 1124 907; x_wconf 78' lang='grc' dir='ltr'>δὲ</span> <span class='ocrx_word' id='word_1_74' title='bbox 1149 857 1331 921; x_wconf 78' lang='grc' dir='ltr'>ταύτης,</span> <span class='ocrx_word' id='word_1_75' title='bbox 1359 863 1453 908; x_wconf 84' lang='grc' dir='ltr'>τῶν</span> <span class='ocrx_word' id='word_1_76' title='bbox 1478 858 1659 924; x_wconf 84' lang='grc' dir='ltr'>χρόνων</span> 
     </span>
     <span class='ocr_line' id='line_1_10' title="bbox 148 941 1660 1008; baseline 0.001 -17"><span class='ocrx_word' id='word_1_77' title='bbox 148 942 367 1006; x_wconf 81' lang='grc' dir='ltr'>ὑπογύων</span> <span class='ocrx_word' id='word_1_78' title='bbox 393 941 554 1003; x_wconf 76' lang='grc' dir='ltr'>ὄντων,</span> <span class='ocrx_word' id='word_1_79' title='bbox 580 943 655 992; x_wconf 84' lang='grc' dir='ltr'>ἵνα</span> <span class='ocrx_word' id='word_1_80' title='bbox 691 941 753 1005; x_wconf 81' lang='grc' dir='ltr'>μὴ</span> <span class='ocrx_word' id='word_1_81' title='bbox 781 946 996 1008; x_wconf 77' lang='grc' dir='ltr'>στερηθῶ</span> <span class='ocrx_word' id='word_1_82' title='bbox 1034 946 1127 991; x_wconf 81' lang='grc' dir='ltr'>τῶν</span> <span class='ocrx_word' id='word_1_83' title='bbox 1154 945 1306 1004; x_wconf 84' lang='grc' dir='ltr'>δικῶν,</span> <span class='ocrx_word' id='word_1_84' title='bbox 1334 942 1537 992; x_wconf 76' lang='grc' dir='ltr'>ἀπέτισα</span> <span class='ocrx_word' id='word_1_85' title='bbox 1575 941 1660 1006; x_wconf 85' lang='grc' dir='ltr'>τὴν</span> 
     </span>
     <span class='ocr_line' id='line_1_11' title="bbox 147 1023 1654 1087; baseline 0.001 -14"><span class='ocrx_word' id='word_1_86' title='bbox 147 1024 442 1087; x_wconf 87' lang='grc' dir='ltr'>λειτουργίαν</span> <span class='ocrx_word' id='word_1_87' title='bbox 470 1025 654 1076; x_wconf 80' lang='grc' dir='ltr'>ὑποθεὶς</span> <span class='ocrx_word' id='word_1_88' title='bbox 680 1023 764 1087; x_wconf 84' lang='grc' dir='ltr'>τὴν</span> <span class='ocrx_word' id='word_1_89' title='bbox 792 1024 939 1074; x_wconf 77' lang='grc' dir='ltr'>οἰκίαν</span> <span class='ocrx_word' id='word_1_90' title='bbox 965 1026 1040 1073; x_wconf 78' lang='grc' dir='ltr'>καὶ</span> <span class='ocrx_word' id='word_1_91' title='bbox 1071 1026 1309 1086; x_wconf 84' lang='grc' dir='ltr'>τάμαυτοῦ</span> <span class='ocrx_word' id='word_1_92' title='bbox 1343 1023 1511 1086; x_wconf 79' lang='grc' dir='ltr'>πάντα,</span> <span class='ocrx_word' id='word_1_93' title='bbox 1538 1030 1654 1085; x_wconf 79' lang='grc' dir='ltr'>βου-</span> 
     </span>
     <span class='ocr_line' id='line_1_12' title="bbox 147 1105 1528 1172; baseline 0.001 -16"><span class='ocrx_word' id='word_1_94' title='bbox 147 1106 343 1168; x_wconf 88' lang='grc' dir='ltr'>λόμενος</span> <span class='ocrx_word' id='word_1_95' title='bbox 369 1110 430 1158; x_wconf 80' lang='grc' dir='ltr'>εἷς</span> <span class='ocrx_word' id='word_1_96' title='bbox 458 1108 574 1169; x_wconf 83' lang='grc' dir='ltr'>ὑμᾶς</span> <span class='ocrx_word' id='word_1_97' title='bbox 601 1114 617 1133; x_wconf 69' lang='lat'>²¹</span> <span class='ocrx_word' id='word_1_98' title='bbox 633 1110 861 1157; x_wconf 83' lang='grc' dir='ltr'>εἰσελθεῖν</span> <span class='ocrx_word' id='word_1_99' title='bbox 887 1106 969 1159; x_wconf 78' lang='grc' dir='ltr'>τὰς</span> <span class='ocrx_word' id='word_1_100' title='bbox 994 1105 1112 1172; x_wconf 79' lang='grc' dir='ltr'>πρὸς</span> <span class='ocrx_word' id='word_1_101' title='bbox 1137 1109 1357 1157; x_wconf 81' lang='grc' dir='ltr'>τουτουσὶ</span> <span class='ocrx_word' id='word_1_102' title='bbox 1384 1108 1528 1160; x_wconf 88' lang='grc' dir='ltr'>δίκας.</span> 
     </span>
    </p>

    <p class='ocr_par' dir='ltr' id='par_1_5' title="bbox 83 1189 1713 1258">
     <span class='ocr_line' id='line_1_13' title="bbox 83 1189 1713 1258; baseline 0.001 -22"><span class='ocrx_word' id='word_1_103' title='bbox 83 1207 133 1236; x_wconf 86' lang='lat'>22</span> <span class='ocrx_word' id='word_1_104' title='bbox 213 1189 319 1254; x_wconf 71' lang='lat' dir='ltr'>³Ap&#39;</span> <span class='ocrx_word' id='word_1_105' title='bbox 358 1189 438 1239; x_wconf 73' lang='lat' dir='ltr'><em>bot’)</em></span> <span class='ocrx_word' id='word_1_106' title='bbox 476 1189 666 1254; x_wconf 79' lang='grc' dir='ltr'>μεγάλα</span> <span class='ocrx_word' id='word_1_107' title='bbox 698 1189 782 1253; x_wconf 79' lang='grc' dir='ltr'>μὲν</span> <span class='ocrx_word' id='word_1_108' title='bbox 813 1190 870 1258; x_wconf 76' lang='grc' dir='ltr'>ἐξ</span> <span class='ocrx_word' id='word_1_109' title='bbox 903 1192 1050 1256; x_wconf 79' lang='grc' dir='ltr'>ἀρχῆς</span> <span class='ocrx_word' id='word_1_110' title='bbox 1088 1191 1319 1254; x_wconf 81' lang='grc' dir='ltr'>ἠδίκημαι,</span> <span class='ocrx_word' id='word_1_111' title='bbox 1355 1189 1543 1255; x_wconf 78' lang='grc' dir='ltr'>μεγάλα</span> <span class='ocrx_word' id='word_1_112' title='bbox 1579 1192 1655 1253; x_wconf 69' lang='lat'>⁰3⁹,</span> <span class='ocrx_word' id='word_1_113' title='bbox 1676 1218 1713 1239; x_wconf 85' lang='lat'>¹0</span> 
     </span>
    </p>

    <p class='ocr_par' dir='ltr' id='par_1_6' title="bbox 147 1272 1660 1338">
     <span class='ocr_line' id='line_1_14' title="bbox 147 1272 1660 1338; baseline -0.001 -14"><span class='ocrx_word' id='word_1_114' title='bbox 147 1274 217 1325; x_wconf 83' lang='grc' dir='ltr'>ὅτι</span> <span class='ocrx_word' id='word_1_115' title='bbox 248 1272 406 1337; x_wconf 58' lang='grc' dir='ltr'>ἀδίκην</span> <span class='ocrx_word' id='word_1_116' title='bbox 441 1273 584 1338; x_wconf 41' lang='grc' dir='ltr'>εἔζητιῖ)</span> <span class='ocrx_word' id='word_1_117' title='bbox 620 1280 798 1336; x_wconf 76' lang='grc' dir='ltr'>λαβεῖν,</span> <span class='ocrx_word' id='word_1_118' title='bbox 832 1279 913 1324; x_wconf 79' lang='grc' dir='ltr'>νῦν</span> <span class='ocrx_word' id='word_1_119' title='bbox 949 1275 1022 1324; x_wconf 84' lang='grc' dir='ltr'>ὑπ’</span> <span class='ocrx_word' id='word_1_120' title='bbox 1052 1274 1204 1323; x_wconf 80' lang='grc' dir='ltr'>αὐτῶν</span> <span class='ocrx_word' id='word_1_121' title='bbox 1239 1272 1547 1336; x_wconf 69' lang='grc' dir='ltr'>βλάπτομαι,</span> <span class='ocrx_word' id='word_1_122' title='bbox 1591 1276 1660 1328; x_wconf 87' lang='grc' dir='ltr'>τίς</span> 
     </span>
    </p>

    <p class='ocr_par' dir='ltr' id='par_1_7' title="bbox 149 1355 1656 1426">
     <span class='ocr_line' id='line_1_15' title="bbox 149 1355 1656 1426; baseline 0 -19"><span class='ocrx_word' id='word_1_123' title='bbox 149 1359 186 1408; x_wconf 86' lang='grc' dir='ltr'>δ’</span> <span class='ocrx_word' id='word_1_124' title='bbox 228 1358 310 1407; x_wconf 85' lang='grc' dir='ltr'>οὑκ</span> <span class='ocrx_word' id='word_1_125' title='bbox 350 1356 406 1407; x_wconf 78' lang='grc' dir='ltr'>ἂν</span> <span class='ocrx_word' id='word_1_126' title='bbox 448 1359 575 1420; x_wconf 79' lang='grc' dir='ltr'>ὑμῶν</span> <span class='ocrx_word' id='word_1_127' title='bbox 615 1357 765 1426; x_wconf 78' lang='grc' dir='ltr'>τούτῳ</span> <span class='ocrx_word' id='word_1_128' title='bbox 802 1356 887 1420; x_wconf 77' lang='grc' dir='ltr'>μὲν</span> <span class='ocrx_word' id='word_1_129' title='bbox 929 1355 1181 1424; x_wconf 86' lang='grc' dir='ltr'>φθονήσειε</span> <span class='ocrx_word' id='word_1_130' title='bbox 1219 1357 1415 1418; x_wconf 82' lang='grc' dir='ltr'>δικαίως,</span> <span class='ocrx_word' id='word_1_131' title='bbox 1461 1358 1579 1421; x_wconf 82' lang='grc' dir='ltr'>ἡμᾶς</span> <span class='ocrx_word' id='word_1_132' title='bbox 1619 1359 1656 1407; x_wconf 87' lang='grc' dir='ltr'>δ’</span> 
     </span>
    </p>
   </div>
   <div class='ocr_carea' id='block_1_3' title="bbox 946 1440 959 1466">
    <p class='ocr_par' dir='ltr' id='par_1_8' title="bbox 946 1440 959 1466">
     <span class='ocr_line' id='line_1_16' title="bbox 946 1440 959 1466; baseline 0 0"><span class='ocrx_word' id='word_1_133' title='bbox 946 1440 959 1466; x_wconf 90' lang='lat' dir='ltr'>f</span> 
     </span>
    </p>
   </div>
   <div class='ocr_carea' id='block_1_4' title="bbox 146 1440 1659 1508">
    <p class='ocr_par' dir='ltr' id='par_1_9' title="bbox 146 1440 1659 1508">
     <span class='ocr_line' id='line_1_17' title="bbox 146 1440 1659 1508; baseline 0 -17"><span class='ocrx_word' id='word_1_134' title='bbox 146 1440 392 1504; x_wconf 83' lang='grc' dir='ltr'>ἐλεήσειεν,</span> <span class='ocrx_word' id='word_1_135' title='bbox 421 1442 542 1506; x_wconf 82' lang='grc' dir='ltr'>ὁρῶν</span> <span class='ocrx_word' id='word_1_136' title='bbox 574 1445 640 1508; x_wconf 72' lang='grc' dir='ltr'>τῷ</span> <span class='ocrx_word' id='word_1_137' title='bbox 674 1440 759 1504; x_wconf 77' lang='grc' dir='ltr'>μὲν</span> <span class='ocrx_word' id='word_1_138' title='bbox 790 1441 907 1506; x_wconf 82' lang='grc' dir='ltr'>πρὸς</span> <span class='ocrx_word' id='word_1_139' title='bbox 971 1444 1027 1507; x_wconf 83' lang='grc' dir='ltr'>τῇ</span> <span class='ocrx_word' id='word_1_140' title='bbox 1067 1441 1206 1508; x_wconf 74' lang='grc' dir='ltr'>οὐσία</span> <span class='ocrx_word' id='word_1_141' title='bbox 1243 1444 1299 1507; x_wconf 83' lang='grc' dir='ltr'>τῇ</span> <span class='ocrx_word' id='word_1_142' title='bbox 1338 1442 1659 1508; x_wconf 81' lang='grc' dir='ltr'>παραδοθείσῃ</span> 
     </span>
    </p>
   </div>
   <div class='ocr_carea' id='block_1_5' title="bbox 84 1522 1711 2253">
    <p class='ocr_par' dir='ltr' id='par_1_10' title="bbox 84 1522 1711 2253">
     <span class='ocr_line' id='line_1_18' title="bbox 147 1522 1709 1589; baseline 0.001 -15"><span class='ocrx_word' id='word_1_143' title='bbox 147 1529 311 1575; x_wconf 69' lang='grc' dir='ltr'>ἕπλεῖν</span> <span class='ocrx_word' id='word_1_144' title='bbox 337 1522 364 1587; x_wconf 78' lang='grc' dir='ltr'>ἢ</span> <span class='ocrx_word' id='word_1_145' title='bbox 394 1523 501 1574; x_wconf 76' lang='grc' dir='ltr'>δέκα</span> <span class='ocrx_word' id='word_1_146' title='bbox 526 1522 772 1574; x_wconf 77' lang='grc' dir='ltr'>ταλάντων</span> <span class='ocrx_word' id='word_1_147' title='bbox 797 1523 882 1587; x_wconf 88' lang='grc' dir='ltr'>τὴν</span> <span class='ocrx_word' id='word_1_148' title='bbox 909 1523 1049 1587; x_wconf 53' lang='grc' dir='ltr'>ὴέμὴν</span> <span class='ocrx_word' id='word_1_149' title='bbox 1075 1524 1312 1587; x_wconf 84' lang='grc' dir='ltr'>τοσαύτην</span> <span class='ocrx_word' id='word_1_150' title='bbox 1333 1524 1482 1574; x_wconf 73' lang='grc' dir='ltr'>οὖσαν</span> <span class='ocrx_word' id='word_1_151' title='bbox 1506 1547 1658 1589; x_wconf 93' lang='grc' dir='ltr'>προσ-</span> <span class='ocrx_word' id='word_1_152' title='bbox 1676 1543 1709 1575; x_wconf 87' lang='lat'>15</span> 
     </span>
     <span class='ocr_line' id='line_1_19' title="bbox 147 1606 1656 1675; baseline 0 -17"><span class='ocrx_word' id='word_1_153' title='bbox 147 1608 471 1673; x_wconf 77' lang='grc' dir='ltr'>γεγενημένην,</span> <span class='ocrx_word' id='word_1_154' title='bbox 498 1608 617 1670; x_wconf 83' lang='grc' dir='ltr'>ἡμᾶς</span> <span class='ocrx_word' id='word_1_155' title='bbox 645 1606 693 1657; x_wconf 79' lang='grc' dir='ltr'>δὲ</span> <span class='ocrx_word' id='word_1_156' title='bbox 728 1606 818 1670; x_wconf 78' lang='grc' dir='ltr'>ὶμὴ</span> <span class='ocrx_word' id='word_1_157' title='bbox 852 1606 996 1669; x_wconf 86' lang='grc' dir='ltr'>μόνον</span> <span class='ocrx_word' id='word_1_158' title='bbox 1028 1613 1121 1658; x_wconf 85' lang='grc' dir='ltr'>τῶν</span> <span class='ocrx_word' id='word_1_159' title='bbox 1146 1607 1377 1675; x_wconf 75' lang='grc' dir='ltr'>πατρῴων</span> <span class='ocrx_word' id='word_1_160' title='bbox 1405 1610 1656 1674; x_wconf 88' lang='grc' dir='ltr'>διημαρτη-</span> 
     </span>
     <span class='ocr_line' id='line_1_20' title="bbox 147 1689 1660 1756; baseline 0 -15"><span class='ocrx_word' id='word_1_161' title='bbox 147 1690 298 1752; x_wconf 87' lang='grc' dir='ltr'>κότας,</span> <span class='ocrx_word' id='word_1_162' title='bbox 326 1690 455 1740; x_wconf 80' lang='grc' dir='ltr'>ἀλλὰ</span> <span class='ocrx_word' id='word_1_163' title='bbox 494 1692 568 1740; x_wconf 79' lang='grc' dir='ltr'>καὶ</span> <span class='ocrx_word' id='word_1_164' title='bbox 604 1695 698 1740; x_wconf 75' lang='grc' dir='ltr'>τῶν</span> <span class='ocrx_word' id='word_1_165' title='bbox 736 1697 816 1740; x_wconf 78' lang='grc' dir='ltr'>νῦν</span> <span class='ocrx_word' id='word_1_166' title='bbox 853 1691 1213 1756; x_wconf 74' lang='grc' dir='ltr'>παραδοθέντων</span> <span class='ocrx_word' id='word_1_167' title='bbox 1249 1689 1323 1740; x_wconf 79' lang='grc' dir='ltr'>διὰ</span> <span class='ocrx_word' id='word_1_168' title='bbox 1358 1690 1443 1753; x_wconf 88' lang='grc' dir='ltr'>τὴν</span> <span class='ocrx_word' id='word_1_169' title='bbox 1481 1692 1660 1742; x_wconf 84' lang='grc' dir='ltr'>τούτων</span> 
     </span>
     <span class='ocr_line' id='line_1_21' title="bbox 145 1772 1659 1839; baseline 0.001 -16"><span class='ocrx_word' id='word_1_170' title='bbox 145 1775 371 1839; x_wconf 83' lang='grc' dir='ltr'>πονηρίαν</span> <span class='ocrx_word' id='word_1_171' title='bbox 410 1773 843 1839; x_wconf 74' lang='grc' dir='ltr'>ἀπεστερημένους,</span> <span class='ocrx_word' id='word_1_172' title='bbox 896 1779 980 1824; x_wconf 92' lang='grc' dir='ltr'>ποῖ</span> <span class='ocrx_word' id='word_1_173' title='bbox 1020 1777 1059 1824; x_wconf 83' lang='grc' dir='ltr'>δ’</span> <span class='ocrx_word' id='word_1_174' title='bbox 1101 1772 1158 1823; x_wconf 79' lang='grc' dir='ltr'>ἂν</span> <span class='ocrx_word' id='word_1_175' title='bbox 1195 1775 1499 1839; x_wconf 86' lang='grc' dir='ltr'>τραποίμεθα,</span> <span class='ocrx_word' id='word_1_176' title='bbox 1538 1775 1580 1824; x_wconf 82' lang='grc' dir='ltr'>εἰ’</span> <span class='ocrx_word' id='word_1_177' title='bbox 1615 1797 1659 1825; x_wconf 91' lang='grc' dir='ltr'>τι</span> 
     </span>
     <span class='ocr_line' id='line_1_22' title="bbox 146 1856 1655 1925; baseline 0 -18"><span class='ocrx_word' id='word_1_178' title='bbox 146 1857 307 1907; x_wconf 70' lang='grc' dir='ltr'>Ιίὀίλλο</span> <span class='ocrx_word' id='word_1_179' title='bbox 347 1856 669 1925; x_wconf 56' lang='grc' dir='ltr'>ιψηφίσαισθ</span> <span class='ocrx_word' id='word_1_180' title='bbox 711 1859 835 1920; x_wconf 83' lang='grc' dir='ltr'>ὑμεῖς</span> <span class='ocrx_word' id='word_1_181' title='bbox 875 1859 978 1923; x_wconf 77' lang='grc' dir='ltr'>περὶ</span> <span class='ocrx_word' id='word_1_182' title='bbox 1020 1858 1205 1918; x_wconf 69' lang='grc' dir='ltr'>αὐτῶν,</span> <span class='ocrx_word' id='word_1_183' title='bbox 1262 1861 1323 1910; x_wconf 80' lang='grc' dir='ltr'>εἷς</span> <span class='ocrx_word' id='word_1_184' title='bbox 1365 1856 1423 1907; x_wconf 78' lang='grc' dir='ltr'>τὰ</span> <span class='ocrx_word' id='word_1_185' title='bbox 1469 1859 1655 1908; x_wconf 85' lang='grc' dir='ltr'>ὑποκεί-</span> 
     </span>
     <span class='ocr_line' id='line_1_23' title="bbox 145 1940 1711 2004; baseline 0 -14"><span class='ocrx_word' id='word_1_186' title='bbox 145 1963 261 2003; x_wconf 89' lang='grc' dir='ltr'>μενα</span> <span class='ocrx_word' id='word_1_187' title='bbox 285 1946 380 1993; x_wconf 85' lang='grc' dir='ltr'>τοῖς</span> <span class='ocrx_word' id='word_1_188' title='bbox 407 1941 711 2001; x_wconf 87' lang='grc' dir='ltr'>δανείσασιν;</span> <span class='ocrx_word' id='word_1_189' title='bbox 753 1940 884 1990; x_wconf 82' lang='grc' dir='ltr'>ἀλλὰ</span> <span class='ocrx_word' id='word_1_190' title='bbox 908 1945 1001 1990; x_wconf 80' lang='grc' dir='ltr'>τῶν</span> <span class='ocrx_word' id='word_1_191' title='bbox 1034 1940 1328 2004; x_wconf 76' lang='grc' dir='ltr'>ὑποθεμένων</span> <span class='ocrx_word' id='word_1_192' title='bbox 1354 1942 1497 1992; x_wconf 85' lang='grc' dir='ltr'>ἐστίν.</span> <span class='ocrx_word' id='word_1_193' title='bbox 1545 1942 1654 1990; x_wconf 83' lang='grc' dir='ltr'>ἀλλ’</span> <span class='ocrx_word' id='word_1_194' title='bbox 1672 1960 1711 1980; x_wconf 85' lang='lat'>²0</span> 
     </span>
     <span class='ocr_line' id='line_1_24' title="bbox 146 2022 1653 2089; baseline 0.001 -16"><span class='ocrx_word' id='word_1_195' title='bbox 146 2028 208 2077; x_wconf 80' lang='grc' dir='ltr'>εἰς</span> <span class='ocrx_word' id='word_1_196' title='bbox 242 2023 300 2073; x_wconf 79' lang='grc' dir='ltr'>τὰ</span> <span class='ocrx_word' id='word_1_197' title='bbox 334 2022 534 2089; x_wconf 76' lang='grc' dir='ltr'>περιόντ’</span> <span class='ocrx_word' id='word_1_198' title='bbox 562 2026 743 2084; x_wconf 78' lang='grc' dir='ltr'>αὑτῶνς</span> <span class='ocrx_word' id='word_1_199' title='bbox 787 2023 918 2074; x_wconf 79' lang='grc' dir='ltr'>ἀλλὰ</span> <span class='ocrx_word' id='word_1_200' title='bbox 950 2024 1116 2075; x_wconf 87' lang='grc' dir='ltr'>τούτου</span> <span class='ocrx_word' id='word_1_201' title='bbox 1156 2025 1375 2089; x_wconf 87' lang='grc' dir='ltr'>γίγνεται,</span> <span class='ocrx_word' id='word_1_202' title='bbox 1411 2023 1496 2088; x_wconf 82' lang='grc' dir='ltr'>τὴν</span> <span class='ocrx_word' id='word_1_203' title='bbox 1532 2026 1653 2075; x_wconf 86' lang='grc' dir='ltr'>ἐπω-</span> 
     </span>
     <span class='ocr_line' id='line_1_25' title="bbox 84 2103 1657 2173; baseline -0.001 -17"><span class='ocrx_word' id='word_1_204' title='bbox 84 2107 312 2166; x_wconf 75' lang='grc' dir='ltr'>23βελιάν</span> <span class='ocrx_word' id='word_1_205' title='bbox 362 2104 440 2156; x_wconf 77' lang='grc' dir='ltr'>ἐὰν</span> <span class='ocrx_word' id='word_1_206' title='bbox 491 2105 732 2173; x_wconf 77' lang='grc' dir='ltr'>ὄφλωμεν.</span> <span class='ocrx_word' id='word_1_207' title='bbox 805 2113 834 2131; x_wconf 75' lang='lat'>¹¹¹</span> <span class='ocrx_word' id='word_1_208' title='bbox 850 2109 1088 2169; x_wconf 82' lang='grc' dir='ltr'>μηδαμῶς,</span> <span class='ocrx_word' id='word_1_209' title='bbox 1135 2103 1171 2155; x_wconf 73' lang='grc' dir='ltr'><em>ὦ</em></span> <span class='ocrx_word' id='word_1_210' title='bbox 1222 2106 1383 2171; x_wconf 79' lang='grc' dir='ltr'>ἄνδρες</span> <span class='ocrx_word' id='word_1_211' title='bbox 1427 2108 1657 2168; x_wconf 71' lang='grc' dir='ltr'>δικασταὶ,</span> 
     </span>
     <span class='ocr_line' id='line_1_26' title="bbox 147 2186 1709 2253; baseline -0.002 -15"><span class='ocrx_word' id='word_1_212' title='bbox 147 2188 377 2253; x_wconf 76' lang='grc' dir='ltr'>“γε’νηο·θε</span> <span class='ocrx_word' id='word_1_213' title='bbox 408 2188 517 2251; x_wconf 84' lang='grc' dir='ltr'>ἡμῖν</span> <span class='ocrx_word' id='word_1_214' title='bbox 543 2188 813 2239; x_wconf 77' lang='grc' dir='ltr'>Οτοσούτων</span> <span class='ocrx_word' id='word_1_215' title='bbox 838 2188 973 2238; x_wconf 85' lang='grc' dir='ltr'>α’ίτιοι</span> <span class='ocrx_word' id='word_1_216' title='bbox 1006 2193 1173 2238; x_wconf 79' lang='grc' dir='ltr'>κακῶν·</span> <span class='ocrx_word' id='word_1_217' title='bbox 1213 2187 1328 2251; x_wconf 79' lang='grc' dir='ltr'>μηδὲ</span> <span class='ocrx_word' id='word_1_218' title='bbox 1360 2186 1446 2250; x_wconf 87' lang='grc' dir='ltr'>τὴν</span> <span class='ocrx_word' id='word_1_219' title='bbox 1482 2187 1658 2253; x_wconf 74' lang='grc' dir='ltr'>μητέρα</span> <span class='ocrx_word' id='word_1_220' title='bbox 1672 2216 1709 2245; x_wconf 74' lang='lat'>23</span> 
     </span>
    </p>
   </div>
   <div class='ocr_carea' id='block_1_6' title="bbox 146 2318 1658 2946">
    <p class='ocr_par' dir='ltr' id='par_1_11' title="bbox 146 2318 1658 2946">
     <span class='ocr_line' id='line_1_27' title="bbox 201 2318 1656 2365; baseline 0 -12"><span class='ocrx_word' id='word_1_221' title='bbox 201 2326 220 2353; x_wconf 76' lang='lat'>(1</span> <span class='ocrx_word' id='word_1_222' title='bbox 241 2319 309 2353; x_wconf 83' lang='grc' dir='ltr'>κατ’</span> <span class='ocrx_word' id='word_1_223' title='bbox 329 2320 438 2353; x_wconf 83' lang='grc' dir='ltr'>αὐτῶν</span> <span class='ocrx_word' id='word_1_224' title='bbox 457 2319 530 2353; x_wconf 85' lang='grc' dir='ltr'>ἀντι</span> <span class='ocrx_word' id='word_1_225' title='bbox 551 2320 585 2353; x_wconf 90' lang='lat' dir='ltr'>in</span> <span class='ocrx_word' id='word_1_226' title='bbox 606 2332 726 2353; x_wconf 84' lang='lat' dir='ltr'>rasura</span> <span class='ocrx_word' id='word_1_227' title='bbox 745 2325 911 2365; x_wconf 84' lang='lat' dir='ltr'>quattuor</span> <span class='ocrx_word' id='word_1_228' title='bbox 930 2320 1108 2353; x_wconf 84' lang='lat' dir='ltr'>literarum</span> <span class='ocrx_word' id='word_1_229' title='bbox 1130 2319 1235 2353; x_wconf 83' lang='lat' dir='ltr'>habet</span> <span class='ocrx_word' id='word_1_230' title='bbox 1257 2320 1292 2352; x_wconf 88' lang='lat' dir='ltr'>S.</span> <span class='ocrx_word' id='word_1_231' title='bbox 1415 2325 1429 2343; x_wconf 84' lang='lat'>¹·</span> <span class='ocrx_word' id='word_1_232' title='bbox 1447 2318 1656 2364; x_wconf 82' lang='grc' dir='ltr'>παρεσκεύα-</span> 
     </span>
     <span class='ocr_line' id='line_1_28' title="bbox 148 2371 1657 2419; baseline -0.001 -13"><span class='ocrx_word' id='word_1_233' title='bbox 148 2373 230 2418; x_wconf 84' lang='grc' dir='ltr'>σαν]</span> <span class='ocrx_word' id='word_1_234' title='bbox 254 2372 509 2417; x_wconf 79' lang='grc' dir='ltr'>παρεσκεύασεν</span> <span class='ocrx_word' id='word_1_235' title='bbox 529 2374 569 2406; x_wconf 89' lang='grc' dir='ltr'>Α.</span> <span class='ocrx_word' id='word_1_236' title='bbox 692 2378 705 2397; x_wconf 82' lang='lat' dir='ltr'>S</span> <span class='ocrx_word' id='word_1_237' title='bbox 726 2373 894 2416; x_wconf 79' lang='grc' dir='ltr'>ἀντιδοίην</span> <span class='ocrx_word' id='word_1_238' title='bbox 916 2372 1122 2406; x_wconf 83' lang='lat' dir='ltr'><strong>Schaeferus.</strong></span> <span class='ocrx_word' id='word_1_239' title='bbox 1155 2373 1377 2406; x_wconf 77' lang='lat' dir='ltr'>Scribebatur</span> <span class='ocrx_word' id='word_1_240' title='bbox 1396 2371 1570 2419; x_wconf 77' lang='grc' dir='ltr'>ἀντιδῴην.</span> <span class='ocrx_word' id='word_1_241' title='bbox 1601 2372 1657 2405; x_wconf 82' lang='grc' dir='ltr'>ἀν-</span> 
     </span>
     <span class='ocr_line' id='line_1_29' title="bbox 147 2424 1652 2471; baseline 0.001 -12"><span class='ocrx_word' id='word_1_242' title='bbox 147 2427 269 2469; x_wconf 87' lang='grc' dir='ltr'>τιδώην</span> <span class='ocrx_word' id='word_1_243' title='bbox 290 2427 330 2459; x_wconf 84' lang='grc' dir='ltr'>Β.</span> <span class='ocrx_word' id='word_1_244' title='bbox 442 2429 453 2451; x_wconf 70' lang='grc' dir='ltr'>Ῐ</span> <span class='ocrx_word' id='word_1_245' title='bbox 474 2424 578 2471; x_wconf 77' lang='grc' dir='ltr'>ἐξείη]</span> <span class='ocrx_word' id='word_1_246' title='bbox 602 2426 680 2470; x_wconf 75' lang='grc' dir='ltr'>ἐξῆν</span> <span class='ocrx_word' id='word_1_247' title='bbox 702 2426 739 2459; x_wconf 88' lang='lat' dir='ltr'>F.</span> <span class='ocrx_word' id='word_1_248' title='bbox 850 2432 869 2450; x_wconf 81' lang='lat'>¹¹</span> <span class='ocrx_word' id='word_1_249' title='bbox 889 2425 1085 2471; x_wconf 83' lang='grc' dir='ltr'>ἀντιδικεῖν]</span> <span class='ocrx_word' id='word_1_250' title='bbox 1110 2426 1234 2459; x_wconf 81' lang='grc' dir='ltr'>ἀδικεῖν</span> <span class='ocrx_word' id='word_1_251' title='bbox 1255 2425 1292 2459; x_wconf 86' lang='lat' dir='ltr'>F.</span> <span class='ocrx_word' id='word_1_252' title='bbox 1404 2430 1423 2448; x_wconf 75' lang='grc' dir='ltr'><strong>Χ</strong></span> <span class='ocrx_word' id='word_1_253' title='bbox 1443 2425 1652 2470; x_wconf 77' lang='grc' dir='ltr'>ἀντιδόντος]</span> 
     </span>
     <span class='ocr_line' id='line_1_30' title="bbox 146 2476 1656 2526; baseline -0.001 -13"><span class='ocrx_word' id='word_1_254' title='bbox 146 2479 373 2513; x_wconf 85' lang='grc' dir='ltr'>ἀντιδιδόντος</span> <span class='ocrx_word' id='word_1_255' title='bbox 392 2480 466 2513; x_wconf 82' lang='grc' dir='ltr'>Α.ι“.</span> <span class='ocrx_word' id='word_1_256' title='bbox 562 2485 580 2512; x_wconf 78' lang='lat' dir='ltr'>Y</span> <span class='ocrx_word' id='word_1_257' title='bbox 601 2476 628 2526; x_wconf 77' lang='grc' dir='ltr'><em>ᾦ</em></span> <span class='ocrx_word' id='word_1_258' title='bbox 649 2480 683 2513; x_wconf 89' lang='lat' dir='ltr'>S.</span> <span class='ocrx_word' id='word_1_259' title='bbox 716 2479 914 2523; x_wconf 79' lang='lat' dir='ltr'>Legebatur</span> <span class='ocrx_word' id='word_1_260' title='bbox 933 2479 998 2524; x_wconf 83' lang='grc' dir='ltr'>ἐγὼ</span> <span class='ocrx_word' id='word_1_261' title='bbox 1019 2479 1066 2512; x_wconf 84' lang='grc' dir='ltr'>δέ.</span> <span class='ocrx_word' id='word_1_262' title='bbox 1163 2484 1180 2502; x_wconf 82' lang='grc' dir='ltr'>Ζ</span> <span class='ocrx_word' id='word_1_263' title='bbox 1200 2477 1402 2523; x_wconf 80' lang='grc' dir='ltr'>ἀπέκλεισα]</span> <span class='ocrx_word' id='word_1_264' title='bbox 1426 2478 1595 2511; x_wconf 81' lang='grc' dir='ltr'>ἀπέκλισιι</span> <span class='ocrx_word' id='word_1_265' title='bbox 1615 2479 1656 2512; x_wconf 89' lang='grc' dir='ltr'>Λ.</span> 
     </span>
     <span class='ocr_line' id='line_1_31' title="bbox 147 2528 1658 2577; baseline 0 -12"><span class='ocrx_word' id='word_1_266' title='bbox 147 2537 166 2556; x_wconf 73' lang='grc' dir='ltr'>ὓ·</span> <span class='ocrx_word' id='word_1_267' title='bbox 185 2532 371 2577; x_wconf 79' lang='grc' dir='ltr'>εἰσελθεῖν]</span> <span class='ocrx_word' id='word_1_268' title='bbox 397 2532 510 2565; x_wconf 84' lang='grc' dir='ltr'>ἐλθεῖν</span> <span class='ocrx_word' id='word_1_269' title='bbox 533 2532 571 2565; x_wconf 89' lang='lat' dir='ltr'>F.</span> <span class='ocrx_word' id='word_1_270' title='bbox 692 2528 710 2556; x_wconf 81' lang='lat' dir='ltr'>b</span> <span class='ocrx_word' id='word_1_271' title='bbox 732 2532 787 2577; x_wconf 82' lang='grc' dir='ltr'>οὐ]</span> <span class='ocrx_word' id='word_1_272' title='bbox 813 2530 871 2565; x_wconf 77' lang='grc' dir='ltr'>οὖν</span> <span class='ocrx_word' id='word_1_273' title='bbox 892 2532 931 2567; x_wconf 84' lang='lat' dir='ltr'>F.</span> <span class='ocrx_word' id='word_1_274' title='bbox 1049 2537 1065 2555; x_wconf 87' lang='lat' dir='ltr'>e</span> <span class='ocrx_word' id='word_1_275' title='bbox 1085 2530 1113 2565; x_wconf 85' lang='grc' dir='ltr'>δ’</span> <span class='ocrx_word' id='word_1_276' title='bbox 1131 2532 1242 2576; x_wconf 84' lang='lat' dir='ltr'>primo</span> <span class='ocrx_word' id='word_1_277' title='bbox 1263 2531 1431 2564; x_wconf 84' lang='lat' dir='ltr'>omissum</span> <span class='ocrx_word' id='word_1_278' title='bbox 1451 2531 1596 2564; x_wconf 84' lang='lat' dir='ltr'>inseruit</span> <span class='ocrx_word' id='word_1_279' title='bbox 1616 2532 1658 2565; x_wconf 89' lang='lat' dir='ltr'>li-</span> 
     </span>
     <span class='ocr_line' id='line_1_32' title="bbox 147 2581 1657 2630; baseline -0.001 -12"><span class='ocrx_word' id='word_1_280' title='bbox 147 2585 281 2618; x_wconf 64' lang='lat' dir='ltr'>bras-ius</span> <span class='ocrx_word' id='word_1_281' title='bbox 297 2585 333 2618; x_wconf 90' lang='lat' dir='ltr'>in</span> <span class='ocrx_word' id='word_1_282' title='bbox 355 2585 390 2618; x_wconf 90' lang='lat' dir='ltr'>S.</span> <span class='ocrx_word' id='word_1_283' title='bbox 504 2581 522 2608; x_wconf 79' lang='grc' dir='ltr'>(Ῑ</span> <span class='ocrx_word' id='word_1_284' title='bbox 542 2585 634 2628; x_wconf 78' lang='grc' dir='ltr'>δίκην</span> <span class='ocrx_word' id='word_1_285' title='bbox 655 2585 757 2630; x_wconf 79' lang='grc' dir='ltr'>ζητῶ]</span> <span class='ocrx_word' id='word_1_286' title='bbox 783 2586 887 2627; x_wconf 76' lang='grc' dir='ltr'>ζητῶν</span> <span class='ocrx_word' id='word_1_287' title='bbox 907 2584 1000 2627; x_wconf 86' lang='grc' dir='ltr'>δίκην</span> <span class='ocrx_word' id='word_1_288' title='bbox 1019 2585 1092 2617; x_wconf 87' lang='lat' dir='ltr'><strong>A.r.</strong></span> <span class='ocrx_word' id='word_1_289' title='bbox 1193 2590 1208 2608; x_wconf 70' lang='grc' dir='ltr'>Ε</span> <span class='ocrx_word' id='word_1_290' title='bbox 1231 2583 1332 2629; x_wconf 79' lang='grc' dir='ltr'>ζητῶ]</span> <span class='ocrx_word' id='word_1_291' title='bbox 1358 2586 1462 2626; x_wconf 80' lang='grc' dir='ltr'>ζητῶν</span> <span class='ocrx_word' id='word_1_292' title='bbox 1482 2590 1657 2618; x_wconf 79' lang='lat' dir='ltr'>correctus</span> 
     </span>
     <span class='ocr_line' id='line_1_33' title="bbox 147 2635 1658 2683; baseline -0.001 -12"><span class='ocrx_word' id='word_1_293' title='bbox 147 2650 168 2670; x_wconf 92' lang='lat' dir='ltr'>a</span> <span class='ocrx_word' id='word_1_294' title='bbox 186 2650 232 2671; x_wconf 92' lang='lat' dir='ltr'>m.</span> <span class='ocrx_word' id='word_1_295' title='bbox 253 2638 397 2682; x_wconf 81' lang='lat' dir='ltr'>antiqua</span> <span class='ocrx_word' id='word_1_296' title='bbox 418 2638 452 2671; x_wconf 87' lang='lat' dir='ltr'>S.</span> <span class='ocrx_word' id='word_1_297' title='bbox 574 2635 588 2661; x_wconf 76' lang='lat' dir='ltr'>s</span> <span class='ocrx_word' id='word_1_298' title='bbox 606 2640 646 2680; x_wconf 84' lang='grc' dir='ltr'>τῇ</span> <span class='ocrx_word' id='word_1_299' title='bbox 666 2637 783 2683; x_wconf 78' lang='grc' dir='ltr'>οὐσίᾳ]</span> <span class='ocrx_word' id='word_1_300' title='bbox 808 2638 868 2680; x_wconf 88' lang='grc' dir='ltr'>τὴν</span> <span class='ocrx_word' id='word_1_301' title='bbox 887 2637 1008 2670; x_wconf 81' lang='grc' dir='ltr'>οὐσίαν</span> <span class='ocrx_word' id='word_1_302' title='bbox 1029 2650 1079 2682; x_wconf 84' lang='lat' dir='ltr'>pr.</span> <span class='ocrx_word' id='word_1_303' title='bbox 1103 2637 1137 2671; x_wconf 88' lang='lat' dir='ltr'>S.</span> <span class='ocrx_word' id='word_1_304' title='bbox 1255 2643 1275 2669; x_wconf 72' lang='lat' dir='ltr'><strong>g</strong></span> <span class='ocrx_word' id='word_1_305' title='bbox 1294 2636 1409 2682; x_wconf 85' lang='grc' dir='ltr'>πλεῖν]</span> <span class='ocrx_word' id='word_1_306' title='bbox 1437 2637 1658 2670; x_wconf 84' lang='lat' dir='ltr'>Scribebatur</span> 
     </span>
     <span class='ocr_line' id='line_1_34' title="bbox 147 2686 1657 2737; baseline -0.001 -13"><span class='ocrx_word' id='word_1_307' title='bbox 147 2692 276 2724; x_wconf 83' lang='grc' dir='ltr'>πλεῖον.</span> <span class='ocrx_word' id='word_1_308' title='bbox 310 2691 387 2724; x_wconf 81' lang='lat' dir='ltr'>Vid.</span> <span class='ocrx_word' id='word_1_309' title='bbox 409 2691 453 2723; x_wconf 85' lang='lat' dir='ltr'>ad</span> <span class='ocrx_word' id='word_1_310' title='bbox 472 2703 506 2735; x_wconf 85' lang='lat' dir='ltr'>p.</span> <span class='ocrx_word' id='word_1_311' title='bbox 531 2701 620 2737; x_wconf 78' lang='lat'>503,</span> <span class='ocrx_word' id='word_1_312' title='bbox 648 2690 705 2725; x_wconf 79' lang='lat'>18.</span> <span class='ocrx_word' id='word_1_313' title='bbox 842 2687 862 2714; x_wconf 75' lang='lat' dir='ltr'>h</span> <span class='ocrx_word' id='word_1_314' title='bbox 883 2691 964 2734; x_wconf 81' lang='grc' dir='ltr'>ἐμὴν</span> <span class='ocrx_word' id='word_1_315' title='bbox 983 2702 1052 2723; x_wconf 88' lang='lat' dir='ltr'>om.</span> <span class='ocrx_word' id='word_1_316' title='bbox 1073 2702 1100 2723; x_wconf 86' lang='lat' dir='ltr'>r.</span> <span class='ocrx_word' id='word_1_317' title='bbox 1238 2686 1247 2714; x_wconf 67' lang='grc' dir='ltr'>ί</span> <span class='ocrx_word' id='word_1_318' title='bbox 1268 2690 1313 2733; x_wconf 85' lang='grc' dir='ltr'>μὴ</span> <span class='ocrx_word' id='word_1_319' title='bbox 1333 2691 1436 2731; x_wconf 88' lang='grc' dir='ltr'>μόνον</span> <span class='ocrx_word' id='word_1_320' title='bbox 1455 2702 1524 2723; x_wconf 88' lang='lat' dir='ltr'>om.</span> <span class='ocrx_word' id='word_1_321' title='bbox 1544 2702 1599 2734; x_wconf 84' lang='lat' dir='ltr'>pr.</span> <span class='ocrx_word' id='word_1_322' title='bbox 1622 2690 1657 2723; x_wconf 86' lang='lat' dir='ltr'>S.</span> 
     </span>
     <span class='ocr_line' id='line_1_35' title="bbox 148 2743 1658 2788; baseline -0.001 -12"><span class='ocrx_word' id='word_1_323' title='bbox 148 2755 262 2776; x_wconf 82' lang='lat' dir='ltr'>errore</span> <span class='ocrx_word' id='word_1_324' title='bbox 292 2755 394 2787; x_wconf 80' lang='lat' dir='ltr'>quem</span> <span class='ocrx_word' id='word_1_325' title='bbox 425 2744 583 2777; x_wconf 82' lang='lat' dir='ltr'>librarius</span> <span class='ocrx_word' id='word_1_326' title='bbox 616 2743 689 2788; x_wconf 81' lang='lat' dir='ltr'>ipse</span> <span class='ocrx_word' id='word_1_327' title='bbox 719 2743 879 2777; x_wconf 82' lang='lat' dir='ltr'>correxit.</span> <span class='ocrx_word' id='word_1_328' title='bbox 928 2743 1020 2776; x_wconf 84' lang='lat' dir='ltr'>Nam</span> <span class='ocrx_word' id='word_1_329' title='bbox 1050 2743 1094 2786; x_wconf 89' lang='grc' dir='ltr'>μὴ</span> <span class='ocrx_word' id='word_1_330' title='bbox 1127 2744 1231 2784; x_wconf 89' lang='grc' dir='ltr'>μόνον</span> <span class='ocrx_word' id='word_1_331' title='bbox 1257 2743 1324 2776; x_wconf 86' lang='lat' dir='ltr'>hoe</span> <span class='ocrx_word' id='word_1_332' title='bbox 1350 2743 1426 2776; x_wconf 86' lang='lat' dir='ltr'>loeo</span> <span class='ocrx_word' id='word_1_333' title='bbox 1452 2754 1523 2775; x_wconf 87' lang='lat' dir='ltr'>non</span> <span class='ocrx_word' id='word_1_334' title='bbox 1546 2743 1658 2787; x_wconf 84' lang='lat' dir='ltr'>magis</span> 
     </span>
     <span class='ocr_line' id='line_1_36' title="bbox 147 2796 1658 2841; baseline 0 -13"><span class='ocrx_word' id='word_1_335' title='bbox 147 2796 261 2829; x_wconf 83' lang='lat' dir='ltr'>omitti</span> <span class='ocrx_word' id='word_1_336' title='bbox 292 2801 428 2840; x_wconf 80' lang='lat' dir='ltr'><strong>poterat</strong></span> <span class='ocrx_word' id='word_1_337' title='bbox 448 2809 551 2841; x_wconf 82' lang='lat' dir='ltr'>quam</span> <span class='ocrx_word' id='word_1_338' title='bbox 582 2809 614 2841; x_wconf 78' lang='lat' dir='ltr'>p.</span> <span class='ocrx_word' id='word_1_339' title='bbox 639 2796 726 2840; x_wconf 73' lang='lat'>842,</span> <span class='ocrx_word' id='word_1_340' title='bbox 756 2807 809 2841; x_wconf 79' lang='lat'>15.</span> <span class='ocrx_word' id='word_1_341' title='bbox 860 2796 1025 2829; x_wconf 80' lang='lat' dir='ltr'>Similiter</span> <span class='ocrx_word' id='word_1_342' title='bbox 1054 2796 1249 2829; x_wconf 83' lang='lat' dir='ltr'>omittendo</span> <span class='ocrx_word' id='word_1_343' title='bbox 1279 2797 1317 2829; x_wconf 81' lang='grc' dir='ltr'>οὐ</span> <span class='ocrx_word' id='word_1_344' title='bbox 1345 2796 1447 2838; x_wconf 89' lang='grc' dir='ltr'>μόνον</span> <span class='ocrx_word' id='word_1_345' title='bbox 1476 2802 1658 2839; x_wconf 82' lang='lat' dir='ltr'>peccatum</span> 
     </span>
     <span class='ocr_line' id='line_1_37' title="bbox 148 2845 1655 2894; baseline 0 -12"><span class='ocrx_word' id='word_1_346' title='bbox 148 2848 184 2882; x_wconf 89' lang='lat' dir='ltr'>in</span> <span class='ocrx_word' id='word_1_347' title='bbox 207 2851 240 2881; x_wconf 65' lang='lat'>5.</span> <span class='ocrx_word' id='word_1_348' title='bbox 263 2861 295 2893; x_wconf 85' lang='lat' dir='ltr'>p.</span> <span class='ocrx_word' id='word_1_349' title='bbox 319 2848 408 2894; x_wconf 79' lang='lat'><strong>635,</strong></span> <span class='ocrx_word' id='word_1_350' title='bbox 436 2860 493 2883; x_wconf 83' lang='lat'>20.</span> <span class='ocrx_word' id='word_1_351' title='bbox 590 2850 603 2870; x_wconf 50' lang='grc' dir='ltr'>Κ</span> <span class='ocrx_word' id='word_1_352' title='bbox 625 2849 733 2894; x_wconf 65' lang='grc' dir='ltr'>ἄλλο]</span> <span class='ocrx_word' id='word_1_353' title='bbox 758 2848 797 2882; x_wconf 77' lang='grc' dir='ltr'>ἂν</span> <span class='ocrx_word' id='word_1_354' title='bbox 816 2848 904 2881; x_wconf 68' lang='grc' dir='ltr'>ἄλλο</span> <span class='ocrx_word' id='word_1_355' title='bbox 926 2850 998 2882; x_wconf 84' lang='lat' dir='ltr'><strong>A.r.</strong></span> <span class='ocrx_word' id='word_1_356' title='bbox 1094 2845 1103 2871; x_wconf 72' lang='lat' dir='ltr'>i</span> <span class='ocrx_word' id='word_1_357' title='bbox 1124 2848 1364 2893; x_wconf 78' lang='grc' dir='ltr'>ψηφίσαισθε]</span> <span class='ocrx_word' id='word_1_358' title='bbox 1390 2848 1595 2891; x_wconf 78' lang='grc' dir='ltr'>ψηφίσεσθε</span> <span class='ocrx_word' id='word_1_359' title='bbox 1616 2847 1655 2882; x_wconf 87' lang='lat' dir='ltr'>F.</span> 
     </span>
     <span class='ocr_line' id='line_1_38' title="bbox 149 2899 1657 2946; baseline 0 -12"><span class='ocrx_word' id='word_1_360' title='bbox 149 2901 359 2945; x_wconf 78' lang='grc' dir='ltr'>ψηφίσησθε</span> <span class='ocrx_word' id='word_1_361' title='bbox 380 2903 453 2935; x_wconf 62' lang='lat' dir='ltr'>As.</span> <span class='ocrx_word' id='word_1_362' title='bbox 604 2907 632 2925; x_wconf 81' lang='lat'>¹¹¹</span> <span class='ocrx_word' id='word_1_363' title='bbox 652 2901 825 2946; x_wconf 81' lang='grc' dir='ltr'>μηδαμῶς]</span> <span class='ocrx_word' id='word_1_364' title='bbox 849 2903 1006 2945; x_wconf 79' lang='grc' dir='ltr'>μηδαμῶς</span> <span class='ocrx_word' id='word_1_365' title='bbox 1024 2902 1183 2945; x_wconf 80' lang='grc' dir='ltr'>μηδαμῶς</span> <span class='ocrx_word' id='word_1_366' title='bbox 1203 2901 1241 2934; x_wconf 87' lang='lat' dir='ltr'>F.</span> <span class='ocrx_word' id='word_1_367' title='bbox 1391 2906 1409 2923; x_wconf 71' lang='grc' dir='ltr'>Π</span> <span class='ocrx_word' id='word_1_368' title='bbox 1428 2899 1590 2945; x_wconf 83' lang='grc' dir='ltr'>γένησθε]</span> <span class='ocrx_word' id='word_1_369' title='bbox 1612 2900 1657 2943; x_wconf 84' lang='grc' dir='ltr'>μὴ</span> 
     </span>
    </p>
   </div>
   <div class='ocr_carea' id='block_1_7' title="bbox 150 2952 1248 3000">
    <p class='ocr_par' dir='ltr' id='par_1_12' title="bbox 150 2952 1248 3000">
     <span class='ocr_line' id='line_1_39' title="bbox 150 2952 1248 3000; baseline -0.001 -13"><span class='ocrx_word' id='word_1_370' title='bbox 150 2954 293 2998; x_wconf 85' lang='grc' dir='ltr'>γένησθε</span> <span class='ocrx_word' id='word_1_371' title='bbox 314 2955 384 2987; x_wconf 59' lang='lat' dir='ltr'>Am.</span> <span class='ocrx_word' id='word_1_372' title='bbox 496 2959 513 2977; x_wconf 92' lang='lat'>0</span> <span class='ocrx_word' id='word_1_373' title='bbox 534 2952 708 2988; x_wconf 76' lang='grc' dir='ltr'>τοσούτων</span> <span class='ocrx_word' id='word_1_374' title='bbox 727 2953 843 3000; x_wconf 75' lang='grc' dir='ltr'>αἴτιοι]</span> <span class='ocrx_word' id='word_1_375' title='bbox 868 2953 968 2988; x_wconf 79' lang='grc' dir='ltr'>(ι’ίτιοι</span> <span class='ocrx_word' id='word_1_376' title='bbox 988 2953 1163 2987; x_wconf 80' lang='grc' dir='ltr'>τοσούτων</span> <span class='ocrx_word' id='word_1_377' title='bbox 1179 2955 1248 2986; x_wconf 74' lang='lat' dir='ltr'>As.</span> 
     </span>
    </p>
   </div>
  </div>
 </body>
</html>
