1965 3236
271 144 383 188 1094
747 146 750 147 ⁷
819 145 1245 185 ΔΗΜΟΣΘΕΝΟὙΣ
1295 142 1376 181 On.
1398 140 1583 181 XLIII.
1611 153 1649 194 p.
1674 140 1794 189 1064,
1817 153 1911 181 17—

326 257 494 312 βουλίδῃ
527 258 752 303 Μενεσθέα,
784 257 1018 308 ὁμομήτριον
1050 257 1091 296 δὲ
1119 256 1182 305 μή·
1216 256 1278 295 καὶ
1308 255 1553 304 Εὐβουλίδου
1582 252 1786 303 ἀμφισβη-

327 324 519 375 τήσαντος
550 329 617 365 τοῦ
649 325 792 376 κλήρου
823 328 891 364 τοῦ
921 323 1083 376 εΑγνίου
1117 325 1213 364 κατὰ
1243 321 1359 374 γένος
1387 319 1600 361 Μενεσθέα
1628 318 1680 369 μὴ
1714 319 1784 368 ἆμ-

329 395 576 444 φισβητῆσαι
606 396 674 432 τοῦ
707 392 849 443 κλήρου
877 394 945 431 τοῦ
964 390 1138 442 εΑγνίου,
1161 389 1247 440 μηδ”
1269 389 1499 439 Εὐκτήμονα
1519 387 1590 427 τὸν
1610 386 1786 437 ἀδελφὸν

329 459 399 500 τὸν
431 459 645 512 Φιλάγρου,
678 458 762 510 μηδ’
795 459 923 499 ἄλλον
954 457 1102 510 μηδένα
1137 459 1232 498 κατὰ
1264 457 1379 510 γένος
1410 456 1504 507 πρὸς
1538 453 1786 504 Εὐβουλίδην
1801 465 1841 486 20

329 542 430 567 τοτε.

203 596 258 650 58
941 598 1118 640 AAAH.

389 695 592 743 Μαρτυρεῖ
628 691 696 731 τὸν
731 691 880 743 πατέρα
920 692 988 732 τὸν
1022 694 1160 731 ἑαυτοῦ
1194 689 1440 743 Ἀρχίμαχον
1476 690 1649 741 συγγενῆ
1691 687 1790 727 εἶναι

332 759 543 809 Πολέμωνι
582 759 634 812 τῷ
675 759 791 810 πατρὶ
831 759 844 783 s

860 760 910 814 τῷ
945 758 1106 811 “Αγνίου
1149 759 1209 799 καὶ
1252 758 1457 811 Χαριδήμῳ
1494 757 1545 811 τῷ
1581 756 1696 806 πατρὶ
1737 757 1790 808 τῷ

332 828 573 876 Θεοπόμπου
606 827 667 866 καὶ
699 826 888 881 Φιλάγρῳ
923 829 974 881 τῷ
1008 827 1123 877 πατρὶ
1156 827 1206 880 τῷ
1248 826 1504 875 Εὐβουλίδου,
1543 825 1603 863 καὶ
1636 824 1790 862 ἀκούειν
1804 832 1841 860 ²5

331 897 398 933 τοῦ
429 894 573 945 πατρὸς
600 898 668 934 τοῦ
698 896 843 934 ἑαυτῶν
872 895 930 934 ὅτι
959 896 1158 946 Φίλαγρος
1186 893 1308 942 λάβοι
1336 897 1502 944 γυναῖκα
1532 892 1686 942 πρώτην
1718 891 1790 940 μὲν

331 961 574 1013 Φυλομάχην
602 962 782 1013 ἀδελφὴν
814 962 1055 1012 Πολέμωνος
1086 963 1153 1000 τοῦ
1182 961 1328 1012 πατρὸς
1357 963 1425 999 τοῦ
1450 958 1611 1010 Ἀγνίου
1642 960 1789 1008 ὁμοπα-

332 1030 443 1080 τρίαν
476 1030 537 1069 καὶ
570 1030 817 1080 ὁμομητρίαν,
850 1030 910 1069 καὶ
942 1029 1130 1080 γενέσθαι
1155 1030 1197 1068 ἐκ
1227 1029 1300 1078 μὲν
1330 1026 1569 1078 Φυλομάχης
1598 1025 1791 1075 Εὐβουλί-

205 1107 260 1148 59
333 1099 414 1147 δην,
450 1097 723 1146 ἀποθανούσης
763 1098 803 1136 δὲ
840 1096 1079 1149 Φυλομάχης
1121 1097 1258 1148 ἑτέραν
1292 1099 1438 1146 λαβεῖν
1470 1098 1636 1147 γυναῖκα
1669 1095 1792 1133 Φίλα·
1810 1088 1915 1140 1065

332 1181 429 1217 γρον
461 1166 730 1215 Τελεσίππην,
764 1165 825 1205 καὶ
859 1163 1048 1216 γενέσθαι
1081 1164 1267 1217 Φιλάγρῳ
1306 1165 1347 1203 ἐκ
1382 1163 1633 1211 Τελεσίππης
1665 1164 1793 1200 Μενε-

332 1232 444 1279 σθέα,
471 1231 708 1283 ὁμοπάτριον
735 1233 808 1282 μὲν
839 1232 1017 1283 ἀδελφὸν
1046 1231 1282 1282 Εὐβουλίδῃ,
1307 1229 1542 1281 ὁμομήτριον
1563 1229 1605 1268 δὲ
1625 1228 1689 1278 μή·
1723 1229 1793 1278 ἆμ-

333 1299 657 1353 φισβητήσαντος
678 1301 719 1340 δὲ
740 1309 758 1337 g
775 1300 1020 1351 Εὐβουλίδου
1041 1302 1109 1339 τοῦ
1131 1299 1273 1350 κλήρου
1295 1302 1361 1338 τοῦ
1377 1297 1539 1349 εΑγνίου
1562 1299 1658 1337 κατὰ
1678 1296 1821 1348 γένοςὸ

334 1366 547 1407 Μενεσθέα
567 1365 618 1416 μὴ
640 1366 941 1417 ἀμφισβητῆσαι
962 1369 1029 1405 τοῦ
1051 1365 1206 1416 κλήρου,
1229 1363 1314 1414 μηδ’
1338 1364 1567 1414 Εὐκτήμονα
1588 1363 1657 1403 τὸν
1678 1364 1792 1402 ἀδελ-

332 1434 414 1485 φὸν
446 1433 662 1486 Φιλάγρου,
693 1433 780 1484 μηδ’
811 1434 938 1473 ἄλλον
970 1432 1118 1483 μηδένα
1150 1435 1246 1473 κατὰ
1278 1433 1393 1484 γένος
1425 1431 1521 1483 πρὸς
1547 1430 1794 1481 Εὐβουλίδην

332 1518 432 1542 τοτε.

208 1579 264 1615 60
946 1573 1108 1614 AAAH
1117 1605 1125 1614 .

391 1672 595 1721 Μαρτυρεῖ
622 1667 689 1708 τὸν
716 1667 867 1719 πατέρα
898 1670 964 1718 τῆς
998 1669 1135 1708 ἑαυτοῦ
1167 1667 1309 1719 μητρὸς
1342 1667 1643 1718 Καλλίστρατον
1678 1666 1793 1705 ἀδελ-

333 1737 413 1789 φὸν
442 1737 542 1777 εἶναι
567 1735 784 1787 Εὐκτήμονι
815 1739 865 1791 τῷ
896 1737 1186 1787 βασιλεύσαντι
1219 1736 1280 1776 καὶ
1306 1734 1493 1789 Φιλάγρῳ
1521 1737 1572 1788 τῷ
1597 1734 1711 1785 πατρὶ
1739 1733 1790 1788 τῷ
1810 1749 1847 1771 ῐο

335 1805 595 1855 Εὐβουλίδου,
635 1804 824 1856 ἀνεψιοὺς
858 1803 888 1844 δ’
926 1804 1025 1844 εἶναι
1068 1804 1224 1845 τούτους
1258 1803 1470 1853 Πολέμωνι
1510 1802 1561 1856 τῷ
1595 1801 1710 1853 πατρὶ
1742 1799 1795 1855 τῷ

332 1870 494 1924 Ἀγνίου
527 1872 588 1911 καὶ
616 1871 824 1925 Χαριδήμῳ
858 1871 908 1925 τῷ
935 1872 1050 1922 πατρὶ
1082 1873 1133 1924 τῷ
1163 1870 1416 1920 Θεοπόμπου,
1451 1869 1512 1909 καὶ
1540 1869 1696 1909 ἀκούειν
1728 1871 1794 1918 τῆς

333 1938 474 1990 μητρὸς
505 1940 568 1989 τῆς
596 1939 733 1977 ἑαυτοῦ
761 1939 819 1977 ὅτι
842 1937 1013 1989 ἀδελφὸς
1033 1937 1077 1977 οὐ
1099 1937 1252 1989 γένοιτο
1274 1936 1487 1986 Πολέμωνι
1508 1937 1558 1990 τῷ
1581 1936 1695 1986 πατρὶ
1715 1934 1793 1988 hup*

333 2004 508 2058 εΑγνίου,
533 2005 686 2057 ἀδελφὴ
718 2007 760 2045 δὲ
791 2005 944 2057 γένοιτο
977 2005 1194 2056 ὁμοπατρία
1225 2005 1286 2044 καὶ
1317 2004 1530 2054 ὁμομητρία
1558 2001 1789 2055 Φυλομάχη,
1811 2015 1843 2045 ¹5

334 2073 421 2113 ίκαὶ
442 2074 585 2123 ταύτην
605 2072 727 2123 λάβοι
751 2072 821 2122 τὴν
843 2072 1085 2124 Φυλομάχην
1106 2073 1319 2122 Φίλαγρος,
1344 2071 1405 2110 καὶ
1426 2069 1580 2122 γένοιτο
1603 2067 1649 2118 ἐξ
1668 2069 1793 2109 αὐτῶν

337 2139 581 2189 Εὐβουλίδης
602 2140 622 2178 ὁ
643 2139 768 2190 πατὴρ
790 2138 838 2178 κὁ
861 2138 1098 2191 Φυλομάχης
1119 2140 1185 2189 τῆς
1207 2137 1407 2177 Σωσιθέου
1428 2137 1621 2189 γυναικός.

212 2258 258 2295 61
349 2239 646 2304 Ἀναγνῶναι
669 2237 754 2301 μὲν
780 2237 863 2291 τὰς
887 2238 1142 2304 μαρτυρίας
1181 2237 1353 2290 ταύτας
1391 2237 1448 2305 ἐξ
1479 2235 1685 2301 ἀνάγκης
1722 2235 1792 2300 ἧν,
1810 2257 1849 2280 20

279 2321 316 2372 (ἶ)
355 2322 517 2388 ἄνδρες
557 2323 788 2383 δικασταὶ,
825 2321 901 2372 ἵνα
941 2321 1006 2385 μὴ
1043 2320 1098 2372 τὸ
1137 2320 1250 2372 αὐτὸ
1289 2319 1519 2384 πάθοιμεν
1560 2319 1674 2386 ὅπερ
1715 2318 1794 2370 1τὸ

278 2404 522 2472 πρότερον,
549 2404 869 2471 ἀπαράσκευοι
907 2405 1168 2472 ληφθέντες
1206 2405 1296 2455 ὑπὸ
1327 2405 1520 2455 τούτων.
1582 2403 1709 2454 πολὺ
1747 2403 1794 2454 δὲ

279 2487 581 2555 σαφέστερον
620 2488 685 2538 ἔτι
721 2487 860 2541 αὐτὸς
897 2490 1061 2538 ἑαυτοῦ
1099 2486 1417 2552 Μακάρτατος
1453 2487 1616 2536 οὑτοσὶ
1653 2509 1794 2536 κατα-

278 2568 582 2636 μαρτυρήσει,
625 2569 695 2619 ὄτι
736 2571 840 2620 οὔτε
885 2567 1158 2638 Θεοπόμπῳ
1203 2573 1268 2637 τῷ
1308 2571 1452 2634 πατρὶ
1491 2572 1557 2636 τῷ
1601 2575 1632 2594 ¹¹³
1652 2569 1794 2618 αὑτοῦ

280 2660 298 2677 ¹¹
314 2653 416 2703 οὕτε
467 2652 593 2719 αὐτῷ
642 2651 792 2719 τούτῳ
841 2650 1070 2716 προσήκει
1114 2649 1299 2703 οὐδενὸς
1351 2654 1657 2716 κληρονομεῖν
1699 2653 1794 2699 τῶν
1809 2668 1846 2699 ²5

333 2829 348 2856 f
364 2831 430 2878 τῷ]
455 2833 515 2866 τοῦ
535 2844 562 2865 r.
684 2835 704 2863 g
724 2827 938 2869 Εὐβουλίδου
958 2830 1018 2862 τοῦ
1038 2827 1164 2874 κλήρου
1185 2828 1318 2862 addidit
1339 2827 1512 2861 Reiskius.
1625 2824 1643 2851 ¹³
1662 2830 1710 2875 τῷ
1728 2840 1794 2873 ego

281 2885 409 2919 addidi.
519 2881 529 2909 i
549 2885 602 2918 καὶ
621 2895 691 2918 om.
708 2884 783 2917 A.r.
897 2878 915 2905 k
938 2882 955 2914 ὁ
976 2892 1046 2916 om.
1069 2882 1140 2915 A.r.
1251 2878 1261 2905 Ῑ
1280 2882 1319 2914 τὸ
1340 2893 1411 2915 om.
1434 2881 1506 2914 A.r.
1619 2886 1648 2905 m
1668 2880 1789 2925 αὑτοῦ]

283 2938 506 2972 Scribebatur
525 2938 655 2971 ἑαυτοῦ.
686 2937 789 2970 αυτοῦ
811 2934 942 2973 B.S.Q.
1056 2940 1074 2958 ¹¹
1114 2937 1190 2968 οὔτε
1210 2935 1301 2982 αὐτῷ
1319 2934 1429 2980 τούτῳ
1449 2945 1517 2967 om.
1541 2934 1613 2967 A.r.
