1965 3236
29 209 284 251 —1005,11.
375 202 517 239 ΠΡΟΣ
550 202 795 239 ΒΟΙΩΤΟΝ
829 203 953 239 ΠΕΡΙ
986 203 1095 240 ΤΟΥ
1126 204 1447 242 ΟΝΟΜΑΤΟΣ.
1558 203 1668 241 1035

153 311 343 376 πατέρα.
398 312 545 360 καίτοι
571 311 613 360 εἴ
634 334 687 375 γε
713 317 920 364 τοιοῦτος
946 311 1074 375 ἦσθα
1100 312 1223 363 ὥστε
1255 312 1552 376 ποιήσασθαι
1586 312 1670 376 μὲν

154 392 333 443 σαυτὸν
371 393 650 458 ἀναγκάσαι,
685 394 742 460 ἐξ
771 393 879 443 ὅτου
914 394 953 443 δ’
982 394 1163 459 ἀρέσεις
1202 396 1357 463 ἐκείνῳ
1392 395 1567 461 τρόπου
1605 394 1670 458 μὴ

88 480 362 537 37σκοπεῖν,
403 476 485 525 οὐκ
521 475 680 538 Χῆσθα
719 475 816 526 οἷον
850 480 921 526 δεῖ
954 477 1036 527 τὸν
1073 477 1377 542 προσήκοντα
1415 476 1529 528 εἶναι
1566 479 1671 543 περὶ

153 558 259 611 τοὺς
297 559 475 623 γονέας,
512 560 593 609 οὐκ
633 559 696 608 ὢν
735 558 784 609 δὲ
823 561 906 610 οὐκ
944 559 1195 625 ἐπηρεάζου
1234 562 1418 613 δικαίως
1457 560 1528 622 ἂν,
1560 562 1669 610 ἀλλ’
1690 579 1723 609 15

153 641 462 694 Ῡάπολώλεις.
523 640 551 704 ἢ
591 641 738 691 δεινόν
783 642 827 706 γ’
868 640 925 691 ἂν
965 642 1046 706 εἴη,
1085 647 1121 692 εἰ
1166 642 1285 693 κατὰ
1328 643 1413 706 μὲν
1451 649 1545 694 τῶν
1584 643 1673 693 ὑπὸ
1726 673 1734 679 ,

153 728 236 772 τοῦ
263 721 441 788 πατρὸς
468 724 609 773 αὐτοῦ
635 722 944 788 νομιζομένων
963 725 1143 775 παίδων
1163 729 1229 775 ²02
1254 728 1359 791 περὶ
1385 731 1478 776 τῶν
1499 726 1675 791 γονέων

155 805 415 871 ἶσχύσουσι
447 806 593 869 νόμοι,
621 805 740 856 κατὰ
767 806 814 857 δὲ
840 811 933 857 τῶν
959 807 1125 862 αὑτοὺς
1151 807 1513 873 εἰσβιαζομένων
1539 809 1674 860 ἄκον-

154 911 238 942 τας
262 894 498 940 ποιεῖσθαι
526 891 686 955 ἄκυροι
714 890 1007 954 γενήσονται.

88 981 141 1034 38
228 974 386 1034 Ἀλλ’,
413 971 450 1022 ὦ
484 974 792 1040 χαλεπώτατε
825 974 1012 1036 Βοιωτὲ,
1046 974 1264 1037 μάλιστα
1300 976 1385 1039 μὲν
1419 974 1484 1026 ὧν
1518 976 1666 1042 πράτ-
1690 998 1729 1019 ²0

154 1080 245 1111 τεις
277 1055 469 1107 πάντων
506 1063 702 1120 παῦσαι,
730 1062 767 1108 εἰ
803 1061 843 1108 δ’
871 1058 962 1123 ἄρα
997 1058 1062 1121 μὴ
1093 1058 1270 1119 βούλει,
1297 1058 1439 1109 ἐκεῖνό
1470 1082 1524 1124 γε
1558 1059 1676 1124 πρὸς

156 1139 271 1193 Διὸς
321 1140 497 1190 πείθου·
555 1145 738 1190 παῦσαι
790 1139 873 1203 μὲν
922 1145 1086 1208 σαυτῷ
1135 1142 1356 1207 παρέχων
1406 1141 1676 1207 πράγματα,

154 1229 337 1274 παῦσαι
382 1225 423 1272 δ’
467 1222 545 1286 ἐμὲ
596 1227 926 1290 συκοφαντῶν,
972 1222 1135 1287 ἀγάπα
1185 1225 1223 1272 δ’
1272 1223 1343 1273 ὅτι
1394 1247 1474 1274 σοι
1524 1223 1676 1286 πόλις,

156 1307 308 1367 οὐσία,
342 1305 498 1371 πατὴρ
532 1304 737 1371 γέγονεν.
791 1307 935 1359 οὐδεὶς
970 1305 1222 1357 ἀπελαύνει
1260 1329 1318 1356 σε
1357 1306 1450 1357 ἀπὸ
1485 1307 1676 1369 τούτων,
1692 1328 1728 1358 25

156 1391 322 1439 οὔκουν
357 1389 520 1454 ἔγωγε.
576 1390 686 1438 ἀλλ’
716 1387 804 1439 Βᾶν
830 1387 955 1451 Ι’με’ν,
982 1387 1146 1454 ὥσπερ
1179 1387 1292 1439 εἶναι
1327 1389 1422 1457 φῂς
1456 1389 1678 1458 ἀδελφὸς,

158 1475 233 1522 καὶ
269 1471 328 1522 τὰ
366 1472 481 1537 ἔργα
516 1473 727 1539 ἀδελφοῦ
763 1476 941 1538 οποιῇς,
974 1472 1124 1539 δόξεις
1161 1470 1275 1523 εἶναι
1309 1473 1559 1538 συγγενὴς,
1593 1473 1679 1524 ᾰᾶν

159 1558 199 1604 δ’
240 1555 560 1621 ἐπιβουλεύῃς,
605 1554 776 1621 δικάζῃ,
823 1558 1017 1622 φθονῇς,
1061 1559 1375 1622 βλασφημῇς,
1421 1555 1570 1624 δόξεις
1618 1562 1680 1611 εἷς

158 1636 390 1702 ἀλλότρια
437 1635 658 1699 ἐμπεσὼν
703 1638 765 1689 ὡς
812 1637 865 1685 οὐ
912 1635 1240 1700 προσήκουσιν
1284 1638 1405 1686 οὕτω
1450 1640 1674 1703 χρῆσθαι.

91 1743 144 1784 39
158 1722 255 1771 ἐπεὶ
293 1720 428 1785 ἔγωγ’
464 1721 556 1770 οὐδ’
590 1723 627 1769 εἰ
667 1718 726 1770 τὰ
764 1719 979 1782 μάλιστα
1017 1720 1042 1769 ὁ
1080 1718 1236 1784 πατὴρ
1269 1719 1382 1769 ὄντα
1420 1742 1478 1769 σε
1512 1721 1803 1780 ⁶a1370131005

157 1803 221 1867 μὴ
266 1804 462 1853 ἐποιεῖτο
507 1801 689 1854 ῑάδικῶ.
755 1803 809 1852 οὐ
852 1802 945 1867 γὰρ
990 1802 1182 1866 ἕέμοιγε
1227 1805 1469 1866 προσῆκεν
1514 1802 1678 1852 εἰδέναι

157 1886 275 1939 τίνες
321 1888 439 1936 εἰσὶν
484 1889 591 1938 υἱεῖς
635 1885 819 1947 ἐκείνου,
860 1886 969 1935 ἀλλ’
1011 1886 1166 1953 ἐκείνω
1205 1885 1352 1952 δεῖξαι
1396 1885 1536 1935 ὴτίνα
1580 1887 1680 1948 ἐμοὶ

160 1969 407 2032 νομιστέον
464 1969 564 2018 ἔστ’
618 1968 841 2034 ἀδελφόν.
913 1966 965 2018 ὃν
1015 1966 1101 2030 μὲν
1152 1968 1305 2017 τοίνυν
1353 1968 1435 2017 οὐκ
1485 1968 1708 2022 ἐποιεῖτόε

158 2074 216 2102 σε
266 2050 451 2117 χρόνον,
502 2052 597 2101 οὐδ’
644 2048 737 2115 ἐγώ
788 2049 1077 2116 προσήκονθ’
1125 2049 1351 2114 ἡγούμην,
1403 2049 1585 2114 Ῐέπειδὴ
1637 2054 1678 2101 δ’

159 2134 430 2197 ἐποιήσατο,
470 2132 601 2197 κάγώ
641 2131 822 2196 νομίζω.
887 2133 935 2182 τί
969 2132 1137 2182 τούτου
1175 2137 1402 2196 σημεῖον;
1451 2138 1545 2183 τῶν
1582 2156 1675 2183 πα-

160 2216 324 2285 τρῴων
367 2216 484 2283 ε”χεις
528 2214 582 2265 τὸ
620 2216 757 2280 μέρος
801 2214 919 2277 μετὰ
961 2214 1047 2277 τὴν
1089 2220 1173 2264 τοῦ
1216 2214 1395 2280 πατρὸς
1438 2216 1675 2279 τελευτήν·

775 2297 793 2323 k

163 2304 308 2364 ἱερῶν,
337 2299 482 2348 ὁσίων
513 2298 731 2364 μετέχεις·
807 2296 978 2360 ἀπάγει
1009 2319 1066 2347 σε
1098 2298 1243 2350 οὐδεὶς
1269 2297 1362 2347 ἀπὸ
1388 2298 1579 2348 τούτων.
1636 2301 1684 2348 τί

95 2405 149 2443 40
162 2382 358 2443 βούλει;
409 2380 465 2430 ἂν
498 2380 546 2431 δὲ
583 2384 652 2446 φῇ
691 2379 817 2430 δεινὰ
853 2379 1058 2446 πάσχειν
1096 2382 1172 2429 καὶ
1208 2378 1354 2446 1κλάῃ
1392 2382 1466 2429 καὶ
1505 2380 1674 2445 ὀδύρη-
1696 2402 1732 2423 ¹0

1049 2462 1065 2481 ‚N

162 2488 237 2515 ται
276 2467 351 2514 καὶ
390 2468 627 2530 κατηγορῇ
662 2465 788 2526 ἐμοῦ,
818 2461 891 2513 ωᾶ
922 2462 1006 2526 μὲν
1039 2485 1096 2512 αν
1122 2463 1285 2529 ῃλέγῃ,
1319 2462 1384 2526 μὴ
1416 2463 1674 2513 πιστεύετε·

217 2619 235 2637 Χ
257 2612 363 2657 ἦσθα]
389 2609 490 2646 οἶσθα
509 2625 537 2647 r.
638 2619 651 2641 y
673 2612 880 2658 ἀπολώλεις]
902 2612 1101 2647 ἀπωλώλεις
1121 2613 1192 2646 A.1·.
1295 2618 1311 2636 Ζ
1331 2611 1377 2656 οἱ]
1402 2612 1440 2644 οὐ
1460 2613 1503 2645 A.
1603 2616 1622 2635 a
1641 2610 1681 2644 ἂν

165 2666 200 2699 S.
231 2666 287 2698 ἐὰν
306 2666 423 2710 vngO.
508 2662 527 2689 b
548 2666 607 2709 μέν
627 2677 696 2698 om.
719 2666 754 2699 S.
840 2671 855 2690 θ
874 2664 989 2710 ποιῇς]
1013 2667 1121 2698 ποιεῖς
1140 2666 1181 2699 Α.
1204 2670 1238 2698 et
1258 2664 1348 2698 infra
1368 2676 1447 2698 cum
1470 2664 1505 2697 S.
1526 2664 1678 2708 φθονεῖς,

162 2719 397 2762 βλασφημεῖς.
483 2714 501 2741 d
521 2716 561 2750 ἂν
583 2718 619 2752 S.
651 2718 706 2750 ἐὰν
726 2718 843 2762 vulgo.
933 2723 949 2742 e
970 2718 1092 2763 αὑτοῦ]
1118 2718 1237 2750 ἑαυτοῦ
1257 2718 1298 2750 A.
1387 2714 1402 2740 f
1418 2716 1536 2760 ἀδικῶ]
1561 2716 1680 2749 ἀδίκως

164 2772 235 2803 Α.ι·.
269 2770 370 2802 ἀδικῶ
391 2781 511 2815 margo
532 2770 573 2803 A.
597 2782 616 2803 a
636 2782 682 2803 m.
704 2782 772 2803 rec.
817 2770 923 2808 Quod
943 2775 1023 2804 ante
1043 2770 1144 2803 ἀδικῶ
1165 2770 1346 2814 legebatur
1365 2769 1424 2801 οὐκ
1445 2769 1555 2801 delevi
1575 2768 1679 2800 omis-

165 2835 242 2856 sum
262 2823 298 2855 in
318 2822 429 2856 A.S.r.
513 2827 533 2854 g
553 2822 683 2866 ἔμοιγε]
709 2823 781 2865 ἐμοὶ
803 2822 892 2860 F.Q.
979 2820 998 2846 h
1018 2823 1092 2855 τίνα
1111 2822 1393 2865 ἐμοὶ-ἀδελφόν
1413 2822 1485 2854 A.S
1501 2832 1528 2853 r.
1567 2820 1678 2863 Lege-

164 2876 267 2908 batur
285 2875 377 2908 τίνας
397 2873 693 2917 μοι-ἀδελφούς.
824 2871 832 2897 i
854 2874 983 2919 ἐπειδὴ]
1007 2875 1079 2908 ἐπεὶ
1100 2875 1188 2912 ῈΗΩ
1326 2870 1345 2896 k
1365 2873 1505 2917 ἀπάγει]
1529 2871 1681 2915 ἀπείργει

167 2928 349 2961 Dobraeus.
427 2925 435 2952 ¹
458 2926 559 2971 κλάῃ]
586 2926 808 2959 Scribebatur
828 2927 937 2969 κλαίῃ.
1008 2933 1035 2951 ¹¹³
1057 2927 1076 2959 ἃ
1096 2928 1158 2969 μὲν
1177 2925 1216 2960 ἂν
1234 2925 1363 2963 F.S.Q.
1392 2924 1411 2957 ἃ
1431 2925 1491 2967 μὲν
1507 2924 1546 2966 δὴ
1562 2926 1633 2957 Ax.
1661 2922 1680 2955 ἃ

165 2978 205 3012 ἂν
224 2980 284 3021 μὲν
304 2980 420 3023 vulgo.
534 2984 551 3002 ¹¹
573 2978 674 3022 λέγῃ]
697 2980 790 3022 λέγει
811 2980 883 3013 A.r.
