<?xml version="1.0" encoding="UTF-8"?>
<!DOCTYPE html PUBLIC "-//W3C//DTD XHTML 1.0 Transitional//EN"
    "http://www.w3.org/TR/xhtml1/DTD/xhtml1-transitional.dtd">
<html xmlns="http://www.w3.org/1999/xhtml" xml:lang="en" lang="en">
 <head>
  <title>
</title>
<meta http-equiv="Content-Type" content="text/html;charset=utf-8" />
  <meta name='ocr-system' content='tesseract 3.04.00' />
  <meta name='ocr-capabilities' content='ocr_page ocr_carea ocr_par ocr_line ocrx_word'/>
</head>
<body>
  <div class='ocr_page' id='page_1' title='image "./operaexrecension03demouoft_0109.png"; bbox 0 0 1965 3236; ppageno 0'>
   <div class='ocr_carea' id='block_1_1' title="bbox 51 177 1694 222">
    <p class='ocr_par' dir='ltr' id='par_1_1' title="bbox 51 177 1694 222">
     <span class='ocr_line' id='line_1_1' title="bbox 51 177 1694 222; baseline 0.007 -14"><span class='ocrx_word' id='word_1_1' title='bbox 51 180 203 222; x_wconf 87' lang='lat'>—917‚</span> <span class='ocrx_word' id='word_1_2' title='bbox 221 187 252 212; x_wconf 66' lang='lat' dir='ltr'>s.</span> <span class='ocrx_word' id='word_1_3' title='bbox 691 178 835 216; x_wconf 80' lang='grc' dir='ltr'>ΠΡΟΣ</span> <span class='ocrx_word' id='word_1_4' title='bbox 866 178 1174 215; x_wconf 76' lang='grc' dir='ltr'>ΦΟΡΜῙΩΝΑ.</span> <span class='ocrx_word' id='word_1_5' title='bbox 1608 177 1694 220; x_wconf 80' lang='lat'>949</span> 
     </span>
    </p>
   </div>
   <div class='ocr_carea' id='block_1_2' title="bbox 105 287 1782 2359">
    <p class='ocr_par' dir='ltr' id='par_1_2' title="bbox 173 287 1743 686">
     <span class='ocr_line' id='line_1_2' title="bbox 173 287 1693 357; baseline 0.003 -22"><span class='ocrx_word' id='word_1_6' title='bbox 173 290 255 335; x_wconf 89' lang='grc' dir='ltr'>τοῦ</span> <span class='ocrx_word' id='word_1_7' title='bbox 281 287 597 348; x_wconf 81' lang='grc' dir='ltr'>συμβολαίου·</span> <span class='ocrx_word' id='word_1_8' title='bbox 642 293 724 338; x_wconf 91' lang='grc' dir='ltr'>νῦν</span> <span class='ocrx_word' id='word_1_9' title='bbox 759 288 796 336; x_wconf 76' lang='grc' dir='ltr'>δ’</span> <span class='ocrx_word' id='word_1_10' title='bbox 825 288 944 337; x_wconf 61' lang='lat' dir='ltr'>“ofin</span> <span class='ocrx_word' id='word_1_11' title='bbox 983 288 1096 350; x_wconf 74' lang='grc' dir='ltr'>ἐμοὶ,</span> <span class='ocrx_word' id='word_1_12' title='bbox 1124 289 1234 338; x_wconf 81' lang='grc' dir='ltr'>ἀλλ’</span> <span class='ocrx_word' id='word_1_13' title='bbox 1264 287 1402 357; x_wconf 85' lang='grc' dir='ltr'>ἑτέρῳ</span> <span class='ocrx_word' id='word_1_14' title='bbox 1430 287 1544 353; x_wconf 78' lang='grc' dir='ltr'>ὑπὲρ</span> <span class='ocrx_word' id='word_1_15' title='bbox 1582 290 1693 352; x_wconf 87' lang='grc' dir='ltr'>ἐμοῦ</span> 
     </span>
     <span class='ocr_line' id='line_1_3' title="bbox 173 367 1695 441; baseline 0.003 -23"><span class='ocrx_word' id='word_1_16' title='bbox 173 367 464 431; x_wconf 71' lang='grc' dir='ltr'>Οάποδιδοὺς,</span> <span class='ocrx_word' id='word_1_17' title='bbox 491 372 565 419; x_wconf 77' lang='grc' dir='ltr'>καὶ</span> <span class='ocrx_word' id='word_1_18' title='bbox 591 370 674 420; x_wconf 82' lang='grc' dir='ltr'>οὐκ</span> <span class='ocrx_word' id='word_1_19' title='bbox 701 370 977 434; x_wconf 84' lang='grc' dir='ltr'>Ἀθήνησιν,</span> <span class='ocrx_word' id='word_1_20' title='bbox 1004 373 1118 421; x_wconf 76' lang='grc' dir='ltr'>ἀλλ’</span> <span class='ocrx_word' id='word_1_21' title='bbox 1145 373 1193 422; x_wconf 84' lang='grc' dir='ltr'>ἐν</span> <span class='ocrx_word' id='word_1_22' title='bbox 1222 371 1472 441; x_wconf 77' lang='grc' dir='ltr'>Βοσπόρῳ,</span> <span class='ocrx_word' id='word_1_23' title='bbox 1501 374 1576 423; x_wconf 78' lang='grc' dir='ltr'>καὶ</span> <span class='ocrx_word' id='word_1_24' title='bbox 1612 375 1695 434; x_wconf 84' lang='grc' dir='ltr'>τῆς</span> 
     </span>
     <span class='ocr_line' id='line_1_4' title="bbox 174 453 1692 524; baseline 0.003 -23"><span class='ocrx_word' id='word_1_25' title='bbox 174 456 462 520; x_wconf 80' lang='grc' dir='ltr'>συγγραφῆς</span> <span class='ocrx_word' id='word_1_26' title='bbox 489 476 568 503; x_wconf 91' lang='grc' dir='ltr'>σοι</span> <span class='ocrx_word' id='word_1_27' title='bbox 594 453 800 516; x_wconf 78' lang='grc' dir='ltr'>κειμένης</span> <span class='ocrx_word' id='word_1_28' title='bbox 826 453 1061 518; x_wconf 83' lang='grc' dir='ltr'>Ἀθήνησι</span> <span class='ocrx_word' id='word_1_29' title='bbox 1096 457 1171 505; x_wconf 79' lang='grc' dir='ltr'>καὶ</span> <span class='ocrx_word' id='word_1_30' title='bbox 1197 454 1316 520; x_wconf 77' lang='grc' dir='ltr'>πρὸς</span> <span class='ocrx_word' id='word_1_31' title='bbox 1341 454 1433 518; x_wconf 73' lang='grc' dir='ltr'>ἐμὲ,</span> <span class='ocrx_word' id='word_1_32' title='bbox 1461 457 1535 506; x_wconf 82' lang='grc' dir='ltr'>καὶ</span> <span class='ocrx_word' id='word_1_33' title='bbox 1563 454 1600 524; x_wconf 75' lang='grc' dir='ltr'><em>ᾧ</em></span> <span class='ocrx_word' id='word_1_34' title='bbox 1638 454 1692 506; x_wconf 79' lang='grc' dir='ltr'>τὸ</span> 
     </span>
     <span class='ocr_line' id='line_1_5' title="bbox 174 536 1743 603; baseline 0.003 -18"><span class='ocrx_word' id='word_1_35' title='bbox 174 537 372 602; x_wconf 89' lang='grc' dir='ltr'>χρυσίον</span> <span class='ocrx_word' id='word_1_36' title='bbox 411 537 654 589; x_wconf 76' lang='grc' dir='ltr'>ἀπεδίδους</span> <span class='ocrx_word' id='word_1_37' title='bbox 699 536 832 590; x_wconf 79' lang='grc' dir='ltr'>ὄντος</span> <span class='ocrx_word' id='word_1_38' title='bbox 877 541 1047 601; x_wconf 82' lang='grc' dir='ltr'>θνητοῦ</span> <span class='ocrx_word' id='word_1_39' title='bbox 1092 539 1167 587; x_wconf 80' lang='grc' dir='ltr'>καὶ</span> <span class='ocrx_word' id='word_1_40' title='bbox 1210 538 1420 603; x_wconf 82' lang='grc' dir='ltr'>πέλαγος</span> <span class='ocrx_word' id='word_1_41' title='bbox 1462 544 1692 589; x_wconf 89' lang='grc' dir='ltr'>τοσοῦτον</span> <span class='ocrx_word' id='word_1_42' title='bbox 1710 562 1743 593; x_wconf 79' lang='lat'>15</span> 
     </span>
     <span class='ocr_line' id='line_1_6' title="bbox 174 619 1688 686; baseline 0.003 -19"><span class='ocrx_word' id='word_1_43' title='bbox 174 619 435 681; x_wconf 83' lang='grc' dir='ltr'>μέλλοντος</span> <span class='ocrx_word' id='word_1_44' title='bbox 462 624 612 680; x_wconf 82' lang='grc' dir='ltr'>πλεῖν,</span> <span class='ocrx_word' id='word_1_45' title='bbox 634 619 848 686; x_wconf 80' lang='grc' dir='ltr'>μάρτυρα</span> <span class='ocrx_word' id='word_1_46' title='bbox 869 621 1012 670; x_wconf 80' lang='grc' dir='ltr'>οὐδέν’</span> <span class='ocrx_word' id='word_1_47' title='bbox 1035 620 1255 684; x_wconf 82' lang='grc' dir='ltr'>ἐποιήσω,</span> <span class='ocrx_word' id='word_1_48' title='bbox 1278 623 1381 671; x_wconf 81' lang='grc' dir='ltr'>οὕτε</span> <span class='ocrx_word' id='word_1_49' title='bbox 1403 624 1577 671; x_wconf 88' lang='grc' dir='ltr'>δοῦλον</span> <span class='ocrx_word' id='word_1_50' title='bbox 1597 623 1688 672; x_wconf 76' lang='grc' dir='ltr'>οὔτ’</span> 
     </span>
    </p>

    <p class='ocr_par' dir='ltr' id='par_1_3' title="bbox 106 701 1750 1270">
     <span class='ocr_line' id='line_1_7' title="bbox 106 701 1750 773; baseline 0.002 -22"><span class='ocrx_word' id='word_1_51' title='bbox 106 702 430 767; x_wconf 78' lang='grc' dir='ltr'>36ἐλεύθερον.</span> <span class='ocrx_word' id='word_1_52' title='bbox 470 703 497 764; x_wconf 83' lang='grc' dir='ltr'>ἡ</span> <span class='ocrx_word' id='word_1_53' title='bbox 525 701 617 768; x_wconf 80' lang='grc' dir='ltr'>γὰρ</span> <span class='ocrx_word' id='word_1_54' title='bbox 644 702 906 771; x_wconf 78' lang='grc' dir='ltr'>συγγραφή</span> <span class='ocrx_word' id='word_1_55' title='bbox 933 710 952 737; x_wconf 74' lang='lat' dir='ltr'>p</span> <span class='ocrx_word' id='word_1_56' title='bbox 968 726 1037 765; x_wconf 84' lang='grc' dir='ltr'>με,</span> <span class='ocrx_word' id='word_1_57' title='bbox 1062 706 1198 771; x_wconf 77' lang='grc' dir='ltr'>φησὶ,</span> <span class='ocrx_word' id='word_1_58' title='bbox 1225 708 1291 772; x_wconf 73' lang='grc' dir='ltr'>τῷ</span> <span class='ocrx_word' id='word_1_59' title='bbox 1318 704 1566 773; x_wconf 82' lang='grc' dir='ltr'>ναυκλήρῳ</span> <span class='ocrx_word' id='word_1_60' title='bbox 1599 706 1691 755; x_wconf 83' lang='grc' dir='ltr'>ἐκέ-</span> <span class='ocrx_word' id='word_1_61' title='bbox 1743 714 1750 720; x_wconf 83' lang='grc'><strong><em>’</em></strong></span> 
     </span>
     <span class='ocr_line' id='line_1_8' title="bbox 173 785 1691 852; baseline 0.003 -18"><span class='ocrx_word' id='word_1_62' title='bbox 173 793 307 835; x_wconf 91' lang='grc' dir='ltr'>λευεν</span> <span class='ocrx_word' id='word_1_63' title='bbox 334 787 586 835; x_wconf 83' lang='grc' dir='ltr'>ἀποδοῦναι</span> <span class='ocrx_word' id='word_1_64' title='bbox 611 785 665 835; x_wconf 80' lang='grc' dir='ltr'>τὸ</span> <span class='ocrx_word' id='word_1_65' title='bbox 692 787 903 852; x_wconf 85' lang='grc' dir='ltr'>χρυσίον.</span> <span class='ocrx_word' id='word_1_66' title='bbox 946 786 1186 852; x_wconf 79' lang='grc' dir='ltr'>μάρτυρας</span> <span class='ocrx_word' id='word_1_67' title='bbox 1212 788 1267 838; x_wconf 82' lang='grc' dir='ltr'>δέ</span> <span class='ocrx_word' id='word_1_68' title='bbox 1288 797 1383 837; x_wconf 67' lang='grc' dir='ltr'>Ἷτοι</span> <span class='ocrx_word' id='word_1_69' title='bbox 1410 789 1492 838; x_wconf 80' lang='grc' dir='ltr'>οὐκ</span> <span class='ocrx_word' id='word_1_70' title='bbox 1517 788 1691 839; x_wconf 82' lang='grc' dir='ltr'>ἐκώλυε</span> 
     </span>
     <span class='ocr_line' id='line_1_9' title="bbox 173 868 1745 934; baseline 0.003 -16"><span class='ocrx_word' id='word_1_71' title='bbox 173 873 508 934; x_wconf 54' lang='grc' dir='ltr'>Γπαρακαλεΐν,</span> <span class='ocrx_word' id='word_1_72' title='bbox 554 868 657 918; x_wconf 75' lang='grc' dir='ltr'>οὐδὲ</span> <span class='ocrx_word' id='word_1_73' title='bbox 701 868 785 923; x_wconf 77' lang='grc' dir='ltr'>τὰς</span> <span class='ocrx_word' id='word_1_74' title='bbox 835 869 1092 923; x_wconf 78' lang='grc' dir='ltr'>ἐπιστολὰς</span> <span class='ocrx_word' id='word_1_75' title='bbox 1138 873 1408 922; x_wconf 81' lang='grc' dir='ltr'>ἀποδοῦναι.</span> <span class='ocrx_word' id='word_1_76' title='bbox 1477 875 1551 922; x_wconf 78' lang='grc' dir='ltr'>καὶ</span> <span class='ocrx_word' id='word_1_77' title='bbox 1597 873 1690 923; x_wconf 85' lang='grc' dir='ltr'>οἵδε</span> <span class='ocrx_word' id='word_1_78' title='bbox 1708 896 1745 916; x_wconf 79' lang='lat'>20</span> 
     </span>
     <span class='ocr_line' id='line_1_10' title="bbox 171 951 1685 1022; baseline 0.004 -21"><span class='ocrx_word' id='word_1_79' title='bbox 171 951 257 1014; x_wconf 78' lang='grc' dir='ltr'>μὲν</span> <span class='ocrx_word' id='word_1_80' title='bbox 282 951 399 1016; x_wconf 80' lang='grc' dir='ltr'>πρὸς</span> <span class='ocrx_word' id='word_1_81' title='bbox 424 951 482 1002; x_wconf 74' lang='grc' dir='ltr'>σὲ</span> <span class='ocrx_word' id='word_1_82' title='bbox 509 952 590 1002; x_wconf 88' lang='grc' dir='ltr'>δύο</span> <span class='ocrx_word' id='word_1_83' title='bbox 616 953 905 1022; x_wconf 81' lang='grc' dir='ltr'>συγγραφὰς</span> <span class='ocrx_word' id='word_1_84' title='bbox 938 953 1222 1017; x_wconf 84' lang='grc' dir='ltr'>ἐποιήσαντο</span> <span class='ocrx_word' id='word_1_85' title='bbox 1249 955 1362 1020; x_wconf 76' lang='grc' dir='ltr'>ὑπὲρ</span> <span class='ocrx_word' id='word_1_86' title='bbox 1388 961 1469 1006; x_wconf 89' lang='grc' dir='ltr'>τοῦ</span> <span class='ocrx_word' id='word_1_87' title='bbox 1496 962 1685 1019; x_wconf 80' lang='grc' dir='ltr'>συμβο-</span> 
     </span>
     <span class='ocr_line' id='line_1_11' title="bbox 171 1034 1691 1109; baseline 0.004 -25"><span class='ocrx_word' id='word_1_88' title='bbox 171 1035 320 1096; x_wconf 84' lang='grc' dir='ltr'>λαίου,</span> <span class='ocrx_word' id='word_1_89' title='bbox 348 1037 410 1088; x_wconf 87' lang='grc' dir='ltr'>ὡς</span> <span class='ocrx_word' id='word_1_90' title='bbox 436 1042 450 1061; x_wconf 83' lang='lat'><strong>⁵</strong></span> <span class='ocrx_word' id='word_1_91' title='bbox 467 1034 525 1086; x_wconf 76' lang='grc' dir='ltr'>ἂν</span> <span class='ocrx_word' id='word_1_92' title='bbox 551 1040 593 1086; x_wconf 82' lang='grc' dir='ltr'>οἱ</span> <span class='ocrx_word' id='word_1_93' title='bbox 619 1035 816 1098; x_wconf 78' lang='grc' dir='ltr'>μάλιστ’</span> <span class='ocrx_word' id='word_1_94' title='bbox 844 1040 1170 1091; x_wconf 84' lang='grc' dir='ltr'>ἀπιστοῦντες·</span> <span class='ocrx_word' id='word_1_95' title='bbox 1212 1038 1276 1089; x_wconf 74' lang='grc' dir='ltr'>σὺ</span> <span class='ocrx_word' id='word_1_96' title='bbox 1312 1038 1360 1089; x_wconf 76' lang='grc' dir='ltr'>δὲ</span> <span class='ocrx_word' id='word_1_97' title='bbox 1385 1039 1526 1101; x_wconf 86' lang='grc' dir='ltr'>μόνος</span> <span class='ocrx_word' id='word_1_98' title='bbox 1563 1039 1691 1109; x_wconf 89' lang='grc' dir='ltr'>μόνῳ</span> 
     </span>
     <span class='ocr_line' id='line_1_12' title="bbox 173 1117 1688 1189; baseline 0.003 -18"><span class='ocrx_word' id='word_1_99' title='bbox 173 1117 268 1185; x_wconf 87' lang='grc' dir='ltr'>φῂς</span> <span class='ocrx_word' id='word_1_100' title='bbox 295 1121 452 1168; x_wconf 87' lang='grc' dir='ltr'>δοῦναι</span> <span class='ocrx_word' id='word_1_101' title='bbox 478 1122 545 1187; x_wconf 73' lang='grc' dir='ltr'>τῷ</span> <span class='ocrx_word' id='word_1_102' title='bbox 574 1118 822 1189; x_wconf 86' lang='grc' dir='ltr'>ναυκλήρῳ</span> <span class='ocrx_word' id='word_1_103' title='bbox 847 1118 901 1170; x_wconf 81' lang='grc' dir='ltr'>τὸ</span> <span class='ocrx_word' id='word_1_104' title='bbox 929 1122 1142 1187; x_wconf 88' lang='grc' dir='ltr'>χρυσίον,</span> <span class='ocrx_word' id='word_1_105' title='bbox 1170 1121 1300 1175; x_wconf 78' lang='grc' dir='ltr'>εἰδὼς</span> <span class='ocrx_word' id='word_1_106' title='bbox 1333 1122 1451 1173; x_wconf 80' lang='grc' dir='ltr'>κατὰ</span> <span class='ocrx_word' id='word_1_107' title='bbox 1477 1129 1568 1174; x_wconf 90' lang='grc' dir='ltr'>σοῦ</span> <span class='ocrx_word' id='word_1_108' title='bbox 1593 1147 1688 1175; x_wconf 89' lang='grc' dir='ltr'>κει-</span> 
     </span>
     <span class='ocr_line' id='line_1_13' title="bbox 173 1201 1239 1270; baseline 0.006 -19"><span class='ocrx_word' id='word_1_109' title='bbox 173 1201 315 1265; x_wconf 82' lang='grc' dir='ltr'>μένην</span> <span class='ocrx_word' id='word_1_110' title='bbox 338 1201 575 1266; x_wconf 87' lang='grc' dir='ltr'>Ἀθήνησι</span> <span class='ocrx_word' id='word_1_111' title='bbox 602 1202 892 1270; x_wconf 83' lang='grc' dir='ltr'>συγγραφὴν</span> <span class='ocrx_word' id='word_1_112' title='bbox 917 1203 1034 1269; x_wconf 80' lang='grc' dir='ltr'>πρὸς</span> <span class='ocrx_word' id='word_1_113' title='bbox 1060 1211 1239 1257; x_wconf 86' lang='grc' dir='ltr'>τοῦτον.</span> 
     </span>
    </p>

    <p class='ocr_par' dir='ltr' id='par_1_4' title="bbox 106 1286 1782 2113">
     <span class='ocr_line' id='line_1_14' title="bbox 106 1286 1740 1355; baseline -0.001 -13"><span class='ocrx_word' id='word_1_114' title='bbox 106 1298 157 1342; x_wconf 84' lang='grc'>37</span> <span class='ocrx_word' id='word_1_115' title='bbox 247 1286 410 1351; x_wconf 58' lang='grc' dir='ltr'>ἵΛέγει</span> <span class='ocrx_word' id='word_1_116' title='bbox 451 1287 488 1337; x_wconf 82' lang='grc' dir='ltr'>δ’</span> <span class='ocrx_word' id='word_1_117' title='bbox 530 1288 592 1339; x_wconf 85' lang='grc' dir='ltr'>ὡς</span> <span class='ocrx_word' id='word_1_118' title='bbox 633 1287 660 1350; x_wconf 84' lang='grc' dir='ltr'>ἡ</span> <span class='ocrx_word' id='word_1_119' title='bbox 694 1286 957 1355; x_wconf 85' lang='grc' dir='ltr'>συγγραφὴ</span> <span class='ocrx_word' id='word_1_120' title='bbox 996 1289 1235 1353; x_wconf 85' lang='grc' dir='ltr'>σωθείσης</span> <span class='ocrx_word' id='word_1_121' title='bbox 1277 1292 1358 1353; x_wconf 82' lang='grc' dir='ltr'>τῆς</span> <span class='ocrx_word' id='word_1_122' title='bbox 1398 1289 1509 1344; x_wconf 82' lang='grc' dir='ltr'>νεὼς</span> <span class='ocrx_word' id='word_1_123' title='bbox 1550 1290 1740 1342; x_wconf 56' lang='grc' dir='ltr'>αὑτὸνᾙΔ</span> 
     </span>
     <span class='ocr_line' id='line_1_15' title="bbox 172 1369 1685 1438; baseline 0.004 -19"><span class='ocrx_word' id='word_1_124' title='bbox 172 1371 425 1420; x_wconf 82' lang='grc' dir='ltr'>ἀποδοῦναι</span> <span class='ocrx_word' id='word_1_125' title='bbox 464 1369 635 1419; x_wconf 80' lang='grc' dir='ltr'>κελεύει</span> <span class='ocrx_word' id='word_1_126' title='bbox 679 1369 738 1420; x_wconf 77' lang='grc' dir='ltr'>τὰ</span> <span class='ocrx_word' id='word_1_127' title='bbox 775 1369 1007 1437; x_wconf 88' lang='grc' dir='ltr'>χρήματα.</span> <span class='ocrx_word' id='word_1_128' title='bbox 1069 1373 1144 1422; x_wconf 80' lang='grc' dir='ltr'>καὶ</span> <span class='ocrx_word' id='word_1_129' title='bbox 1178 1371 1307 1438; x_wconf 77' lang='grc' dir='ltr'>“γάρ</span> <span class='ocrx_word' id='word_1_130' title='bbox 1345 1372 1561 1424; x_wconf 75' lang='grc' dir='ltr'>ἐνθέσθαι</span> <span class='ocrx_word' id='word_1_131' title='bbox 1599 1375 1685 1424; x_wconf 80' lang='grc' dir='ltr'>τά-</span> 
     </span>
     <span class='ocr_line' id='line_1_16' title="bbox 172 1452 1685 1521; baseline 0.005 -19"><span class='ocrx_word' id='word_1_132' title='bbox 172 1452 456 1518; x_wconf 81' lang='grc' dir='ltr'>γοράσματα</span> <span class='ocrx_word' id='word_1_133' title='bbox 491 1457 553 1507; x_wconf 84' lang='grc' dir='ltr'>εἷς</span> <span class='ocrx_word' id='word_1_134' title='bbox 591 1452 676 1517; x_wconf 81' lang='grc' dir='ltr'>τὴν</span> <span class='ocrx_word' id='word_1_135' title='bbox 712 1460 825 1504; x_wconf 90' lang='grc' dir='ltr'>ναῦν</span> <span class='ocrx_word' id='word_1_136' title='bbox 863 1456 1037 1506; x_wconf 84' lang='grc' dir='ltr'>κελεύει</span> <span class='ocrx_word' id='word_1_137' title='bbox 1073 1479 1144 1519; x_wconf 90' lang='grc' dir='ltr'>σε,</span> <span class='ocrx_word' id='word_1_138' title='bbox 1183 1460 1219 1507; x_wconf 78' lang='grc' dir='ltr'>εἰ</span> <span class='ocrx_word' id='word_1_139' title='bbox 1246 1456 1294 1507; x_wconf 76' lang='grc' dir='ltr'>δὲ</span> <span class='ocrx_word' id='word_1_140' title='bbox 1324 1457 1403 1521; x_wconf 84' lang='grc' dir='ltr'>μὴ,</span> <span class='ocrx_word' id='word_1_141' title='bbox 1431 1481 1685 1509; x_wconf 88' lang='grc' dir='ltr'>πεντακισ-</span> 
     </span>
     <span class='ocr_line' id='line_1_17' title="bbox 172 1536 1686 1608; baseline 0.004 -21"><span class='ocrx_word' id='word_1_142' title='bbox 172 1538 327 1604; x_wconf 82' lang='grc' dir='ltr'>χιλίας</span> <span class='ocrx_word' id='word_1_143' title='bbox 364 1536 576 1604; x_wconf 79' lang='grc' dir='ltr'>δραχμὰς</span> <span class='ocrx_word' id='word_1_144' title='bbox 618 1539 864 1589; x_wconf 83' lang='grc' dir='ltr'>ἀποτίνειν.</span> <span class='ocrx_word' id='word_1_145' title='bbox 925 1538 989 1589; x_wconf 77' lang='grc' dir='ltr'>σὺ</span> <span class='ocrx_word' id='word_1_146' title='bbox 1035 1539 1083 1590; x_wconf 76' lang='grc' dir='ltr'>δὲ</span> <span class='ocrx_word' id='word_1_147' title='bbox 1126 1547 1264 1591; x_wconf 91' lang='grc' dir='ltr'>τοῦτο</span> <span class='ocrx_word' id='word_1_148' title='bbox 1308 1541 1394 1604; x_wconf 73' lang='grc' dir='ltr'>μὲν</span> <span class='ocrx_word' id='word_1_149' title='bbox 1437 1545 1520 1606; x_wconf 80' lang='grc' dir='ltr'>τῆς</span> <span class='ocrx_word' id='word_1_150' title='bbox 1564 1566 1686 1608; x_wconf 89' lang='grc' dir='ltr'>συγ-</span> 
     </span>
     <span class='ocr_line' id='line_1_18' title="bbox 172 1622 1686 1696; baseline 0.003 -24"><span class='ocrx_word' id='word_1_151' title='bbox 172 1625 360 1690; x_wconf 83' lang='grc' dir='ltr'>γραφῆς</span> <span class='ocrx_word' id='word_1_152' title='bbox 395 1623 448 1671; x_wconf 84' lang='grc' dir='ltr'>οὐ</span> <span class='ocrx_word' id='word_1_153' title='bbox 487 1622 792 1685; x_wconf 74' lang='grc' dir='ltr'>Χλαμβάνεις,</span> <span class='ocrx_word' id='word_1_154' title='bbox 818 1624 1164 1689; x_wconf 76' lang='grc' dir='ltr'>παραβεβηκὼς</span> <span class='ocrx_word' id='word_1_155' title='bbox 1205 1628 1245 1676; x_wconf 80' lang='grc' dir='ltr'>δ’</span> <span class='ocrx_word' id='word_1_156' title='bbox 1272 1625 1440 1680; x_wconf 60' lang='grc' dir='ltr'>Υεύθῦς</span> <span class='ocrx_word' id='word_1_157' title='bbox 1473 1634 1490 1652; x_wconf 85' lang='lat'>²</span> <span class='ocrx_word' id='word_1_158' title='bbox 1509 1627 1567 1696; x_wconf 77' lang='grc' dir='ltr'>ἐξ</span> <span class='ocrx_word' id='word_1_159' title='bbox 1598 1629 1686 1694; x_wconf 81' lang='grc' dir='ltr'>ἀρ-</span> 
     </span>
     <span class='ocr_line' id='line_1_19' title="bbox 171 1705 1782 1778; baseline 0.005 -23"><span class='ocrx_word' id='word_1_160' title='bbox 171 1709 259 1773; x_wconf 81' lang='grc' dir='ltr'>χῆς</span> <span class='ocrx_word' id='word_1_161' title='bbox 297 1705 456 1756; x_wconf 79' lang='grc' dir='ltr'>καὶτὰ</span> <span class='ocrx_word' id='word_1_162' title='bbox 482 1705 702 1773; x_wconf 88' lang='grc' dir='ltr'>χρήματα</span> <span class='ocrx_word' id='word_1_163' title='bbox 737 1708 819 1758; x_wconf 80' lang='grc' dir='ltr'>οὐκ</span> <span class='ocrx_word' id='word_1_164' title='bbox 854 1708 1093 1771; x_wconf 75' lang='grc' dir='ltr'>ἐνθέμενος</span> <span class='ocrx_word' id='word_1_165' title='bbox 1133 1710 1451 1777; x_wconf 80' lang='grc' dir='ltr'>ἀμφισβητεῖς</span> <span class='ocrx_word' id='word_1_166' title='bbox 1486 1711 1603 1778; x_wconf 79' lang='grc' dir='ltr'>πρὸς</span> <span class='ocrx_word' id='word_1_167' title='bbox 1641 1712 1782 1769; x_wconf 73' lang='grc' dir='ltr'>ἓν9ί7</span> 
     </span>
     <span class='ocr_line' id='line_1_20' title="bbox 171 1792 1685 1861; baseline 0.005 -22"><span class='ocrx_word' id='word_1_168' title='bbox 171 1793 298 1857; x_wconf 81' lang='grc' dir='ltr'>ῥῆμα</span> <span class='ocrx_word' id='word_1_169' title='bbox 334 1794 429 1840; x_wconf 81' lang='grc' dir='ltr'>τῶν</span> <span class='ocrx_word' id='word_1_170' title='bbox 463 1792 510 1840; x_wconf 87' lang='grc' dir='ltr'>ἐν</span> <span class='ocrx_word' id='word_1_171' title='bbox 545 1794 602 1857; x_wconf 87' lang='grc' dir='ltr'>τῇ</span> <span class='ocrx_word' id='word_1_172' title='bbox 639 1795 917 1857; x_wconf 81' lang='grc' dir='ltr'>συγγραφῇ,</span> <span class='ocrx_word' id='word_1_173' title='bbox 958 1793 1032 1842; x_wconf 74' lang='grc' dir='ltr'>καὶ</span> <span class='ocrx_word' id='word_1_174' title='bbox 1068 1793 1190 1843; x_wconf 87' lang='grc' dir='ltr'>τοῦτ’</span> <span class='ocrx_word' id='word_1_175' title='bbox 1219 1794 1494 1861; x_wconf 55' lang='grc' dir='ltr'>ἃάνῃρηκὼς</span> <span class='ocrx_word' id='word_1_176' title='bbox 1532 1795 1685 1850; x_wconf 79' lang='grc' dir='ltr'>αὐτός.</span> 
     </span>
     <span class='ocr_line' id='line_1_21' title="bbox 176 1872 1691 1944; baseline 0.005 -20"><span class='ocrx_word' id='word_1_177' title='bbox 176 1873 315 1924; x_wconf 84' lang='grc' dir='ltr'>ὁπότε</span> <span class='ocrx_word' id='word_1_178' title='bbox 343 1873 437 1940; x_wconf 79' lang='grc' dir='ltr'>γὰρ</span> <span class='ocrx_word' id='word_1_179' title='bbox 464 1872 482 1900; x_wconf 74' lang='lat' dir='ltr'>b</span> <span class='ocrx_word' id='word_1_180' title='bbox 498 1875 545 1924; x_wconf 83' lang='grc' dir='ltr'>ἐν</span> <span class='ocrx_word' id='word_1_181' title='bbox 571 1878 637 1943; x_wconf 73' lang='grc' dir='ltr'>τῷ</span> <span class='ocrx_word' id='word_1_182' title='bbox 665 1874 903 1944; x_wconf 87' lang='grc' dir='ltr'>Βοσπόρῳ</span> <span class='ocrx_word' id='word_1_183' title='bbox 939 1874 1034 1944; x_wconf 84' lang='grc' dir='ltr'>φῂς</span> <span class='ocrx_word' id='word_1_184' title='bbox 1067 1875 1133 1940; x_wconf 82' lang='grc' dir='ltr'>μὴ</span> <span class='ocrx_word' id='word_1_185' title='bbox 1159 1876 1218 1926; x_wconf 75' lang='grc' dir='ltr'>τὰ</span> <span class='ocrx_word' id='word_1_186' title='bbox 1243 1877 1445 1944; x_wconf 80' lang='grc' dir='ltr'>χρήματ’</span> <span class='ocrx_word' id='word_1_187' title='bbox 1473 1879 1691 1931; x_wconf 77' lang='grc' dir='ltr'>ἐνθέσθαι</span> 
     </span>
     <span class='ocr_line' id='line_1_22' title="bbox 175 1955 1690 2030; baseline 0.005 -24"><span class='ocrx_word' id='word_1_188' title='bbox 175 1961 237 2009; x_wconf 79' lang='grc' dir='ltr'>εἷς</span> <span class='ocrx_word' id='word_1_189' title='bbox 275 1955 360 2020; x_wconf 82' lang='grc' dir='ltr'>τὴν</span> <span class='ocrx_word' id='word_1_190' title='bbox 399 1962 525 2019; x_wconf 86' lang='grc' dir='ltr'>ναῦν,</span> <span class='ocrx_word' id='word_1_191' title='bbox 551 1956 682 2008; x_wconf 76' lang='grc' dir='ltr'>ἀλλὰ</span> <span class='ocrx_word' id='word_1_192' title='bbox 707 1956 759 2008; x_wconf 80' lang='grc' dir='ltr'>τὸ</span> <span class='ocrx_word' id='word_1_193' title='bbox 786 1959 986 2025; x_wconf 89' lang='grc' dir='ltr'>χρυσίον</span> <span class='ocrx_word' id='word_1_194' title='bbox 1012 1966 1027 1985; x_wconf 78' lang='lat'><strong>⁰</strong></span> <span class='ocrx_word' id='word_1_195' title='bbox 1044 1963 1110 2028; x_wconf 74' lang='grc' dir='ltr'>τῷ</span> <span class='ocrx_word' id='word_1_196' title='bbox 1150 1961 1397 2030; x_wconf 86' lang='grc' dir='ltr'>ναυκλήρῳ</span> <span class='ocrx_word' id='word_1_197' title='bbox 1423 1963 1690 2025; x_wconf 79' lang='grc' dir='ltr'>ἀποδοῦναι,</span> 
     </span>
     <span class='ocr_line' id='line_1_23' title="bbox 173 2041 1718 2113; baseline 0.005 -22"><span class='ocrx_word' id='word_1_198' title='bbox 173 2042 223 2091; x_wconf 88' lang='grc' dir='ltr'>τί</span> <span class='ocrx_word' id='word_1_199' title='bbox 243 2041 309 2091; x_wconf 75' lang='grc' dir='ltr'>ε”τι</span> <span class='ocrx_word' id='word_1_200' title='bbox 333 2043 437 2106; x_wconf 73' lang='grc' dir='ltr'>περὶ</span> <span class='ocrx_word' id='word_1_201' title='bbox 476 2045 558 2105; x_wconf 80' lang='grc' dir='ltr'>τῆς</span> <span class='ocrx_word' id='word_1_202' title='bbox 598 2041 708 2095; x_wconf 81' lang='grc' dir='ltr'>νεὼς</span> <span class='ocrx_word' id='word_1_203' title='bbox 741 2041 1011 2108; x_wconf 60' lang='grc' dir='ltr'>ἀδιαλέγεις</span> <span class='ocrx_word' id='word_1_204' title='bbox 1056 2044 1109 2093; x_wconf 78' lang='grc' dir='ltr'>οὐ</span> <span class='ocrx_word' id='word_1_205' title='bbox 1149 2042 1242 2110; x_wconf 79' lang='grc' dir='ltr'>γὰρ</span> <span class='ocrx_word' id='word_1_206' title='bbox 1275 2045 1571 2113; x_wconf 79' lang='grc' dir='ltr'>μετέσχηκας</span> <span class='ocrx_word' id='word_1_207' title='bbox 1608 2053 1718 2098; x_wconf 71' lang='grc' dir='ltr'>τοῦδ</span> 
     </span>
    </p>

    <p class='ocr_par' dir='ltr' id='par_1_5' title="bbox 105 2124 1692 2359">
     <span class='ocr_line' id='line_1_24' title="bbox 105 2124 1692 2196; baseline 0.003 -20"><span class='ocrx_word' id='word_1_208' title='bbox 105 2138 159 2191; x_wconf 83' lang='lat'>38</span> <span class='ocrx_word' id='word_1_209' title='bbox 175 2125 386 2176; x_wconf 83' lang='grc' dir='ltr'>κινδύνου</span> <span class='ocrx_word' id='word_1_210' title='bbox 413 2124 489 2176; x_wconf 79' lang='grc' dir='ltr'>διὰ</span> <span class='ocrx_word' id='word_1_211' title='bbox 520 2124 574 2175; x_wconf 75' lang='grc' dir='ltr'>τὸ</span> <span class='ocrx_word' id='word_1_212' title='bbox 610 2134 625 2152; x_wconf 66' lang='lat'><strong>⁶</strong></span> <span class='ocrx_word' id='word_1_213' title='bbox 644 2125 790 2189; x_wconf 76' lang='grc' dir='ltr'>μηδὲν</span> <span class='ocrx_word' id='word_1_214' title='bbox 816 2127 1050 2177; x_wconf 86' lang='grc' dir='ltr'>ἐνθέσθαι.</span> <span class='ocrx_word' id='word_1_215' title='bbox 1113 2130 1188 2177; x_wconf 77' lang='grc' dir='ltr'>καὶ</span> <span class='ocrx_word' id='word_1_216' title='bbox 1222 2127 1277 2178; x_wconf 80' lang='grc' dir='ltr'>τὸ</span> <span class='ocrx_word' id='word_1_217' title='bbox 1311 2127 1396 2192; x_wconf 77' lang='grc' dir='ltr'>μὲν</span> <span class='ocrx_word' id='word_1_218' title='bbox 1429 2134 1630 2196; x_wconf 82' lang='grc' dir='ltr'>πρῶτον,</span> <span class='ocrx_word' id='word_1_219' title='bbox 1655 2127 1692 2181; x_wconf 70' lang='grc' dir='ltr'><em>ὦ</em></span> 
     </span>
     <span class='ocr_line' id='line_1_25' title="bbox 173 2208 1692 2281; baseline 0.004 -22"><span class='ocrx_word' id='word_1_220' title='bbox 173 2209 335 2274; x_wconf 75' lang='grc' dir='ltr'>ἄνδρες</span> <span class='ocrx_word' id='word_1_221' title='bbox 364 2213 618 2273; x_wconf 83' lang='grc' dir='ltr'>Ἀθηναῖοι,</span> <span class='ocrx_word' id='word_1_222' title='bbox 642 2208 862 2275; x_wconf 78' lang='grc' dir='ltr'>ὥρμησεν</span> <span class='ocrx_word' id='word_1_223' title='bbox 886 2212 961 2261; x_wconf 82' lang='grc' dir='ltr'>ἐπὶ</span> <span class='ocrx_word' id='word_1_224' title='bbox 987 2211 1160 2275; x_wconf 87' lang='grc' dir='ltr'>ταύτην</span> <span class='ocrx_word' id='word_1_225' title='bbox 1185 2211 1271 2275; x_wconf 85' lang='grc' dir='ltr'>τὴν</span> <span class='ocrx_word' id='word_1_226' title='bbox 1290 2216 1489 2281; x_wconf 79' lang='grc' dir='ltr'>σκῆψιν,</span> <span class='ocrx_word' id='word_1_227' title='bbox 1517 2217 1578 2267; x_wconf 85' lang='grc' dir='ltr'>ὡς</span> <span class='ocrx_word' id='word_1_228' title='bbox 1603 2213 1692 2265; x_wconf 55' lang='grc' dir='ltr'>ἰέν-</span> 
     </span>
     <span class='ocr_line' id='line_1_26' title="bbox 173 2291 1692 2359; baseline 0.003 -17"><span class='ocrx_word' id='word_1_229' title='bbox 173 2291 431 2355; x_wconf 86' lang='grc' dir='ltr'>τεθειμένος</span> <span class='ocrx_word' id='word_1_230' title='bbox 467 2291 525 2343; x_wconf 79' lang='grc' dir='ltr'>τὰ</span> <span class='ocrx_word' id='word_1_231' title='bbox 550 2291 771 2359; x_wconf 88' lang='grc' dir='ltr'>χρήματα</span> <span class='ocrx_word' id='word_1_232' title='bbox 806 2296 868 2346; x_wconf 83' lang='grc' dir='ltr'>εἷς</span> <span class='ocrx_word' id='word_1_233' title='bbox 905 2291 992 2356; x_wconf 82' lang='grc' dir='ltr'>τὴν</span> <span class='ocrx_word' id='word_1_234' title='bbox 1019 2298 1150 2343; x_wconf 91' lang='grc' dir='ltr'>ναῦν·</span> <span class='ocrx_word' id='word_1_235' title='bbox 1190 2293 1345 2358; x_wconf 86' lang='grc' dir='ltr'>ἐπειδὴ</span> <span class='ocrx_word' id='word_1_236' title='bbox 1380 2293 1429 2345; x_wconf 76' lang='grc' dir='ltr'>δὲ</span> <span class='ocrx_word' id='word_1_237' title='bbox 1467 2301 1604 2346; x_wconf 90' lang='grc' dir='ltr'>τοῦτο</span> <span class='ocrx_word' id='word_1_238' title='bbox 1643 2298 1692 2346; x_wconf 84' lang='grc' dir='ltr'>ἐκ</span> 
     </span>
    </p>
   </div>
   <div class='ocr_carea' id='block_1_3' title="bbox 175 2458 1693 2943">
    <p class='ocr_par' dir='ltr' id='par_1_6' title="bbox 175 2458 1693 2943">
     <span class='ocr_line' id='line_1_27' title="bbox 229 2458 1693 2520; baseline 0.003 -13"><span class='ocrx_word' id='word_1_239' title='bbox 229 2478 248 2497; x_wconf 89' lang='lat' dir='ltr'>n</span> <span class='ocrx_word' id='word_1_240' title='bbox 270 2473 346 2519; x_wconf 66' lang='grc' dir='ltr'>οὐκ]</span> <span class='ocrx_word' id='word_1_241' title='bbox 370 2471 440 2506; x_wconf 68' lang='grc' dir='ltr'>οὐδ’</span> <span class='ocrx_word' id='word_1_242' title='bbox 463 2472 551 2512; x_wconf 74' lang='lat' dir='ltr'>RQ.</span> <span class='ocrx_word' id='word_1_243' title='bbox 687 2479 705 2498; x_wconf 90' lang='lat'>0</span> <span class='ocrx_word' id='word_1_244' title='bbox 724 2473 923 2520; x_wconf 67' lang='grc' dir='ltr'>ἀποδιδοὺς]</span> <span class='ocrx_word' id='word_1_245' title='bbox 945 2474 1125 2510; x_wconf 59' lang='grc' dir='ltr'>ἀπεδίδους</span> <span class='ocrx_word' id='word_1_246' title='bbox 1146 2475 1236 2515; x_wconf 72' lang='lat' dir='ltr'>RQ.</span> <span class='ocrx_word' id='word_1_247' title='bbox 1267 2458 1434 2510; x_wconf 54' lang='grc' dir='ltr'>ἀπεδίδους</span> <span class='ocrx_word' id='word_1_248' title='bbox 1450 2476 1485 2511; x_wconf 83' lang='lat' dir='ltr'>s.</span> <span class='ocrx_word' id='word_1_249' title='bbox 1516 2476 1617 2510; x_wconf 70' lang='lat' dir='ltr'>litera</span> <span class='ocrx_word' id='word_1_250' title='bbox 1638 2491 1652 2512; x_wconf 75' lang='grc' dir='ltr'>ς</span> <span class='ocrx_word' id='word_1_251' title='bbox 1672 2490 1693 2511; x_wconf 79' lang='lat' dir='ltr'>a</span> 
     </span>
     <span class='ocr_line' id='line_1_28' title="bbox 175 2526 1691 2575; baseline 0.003 -16"><span class='ocrx_word' id='word_1_252' title='bbox 175 2538 221 2559; x_wconf 88' lang='lat' dir='ltr'>m.</span> <span class='ocrx_word' id='word_1_253' title='bbox 243 2527 309 2560; x_wconf 83' lang='lat' dir='ltr'>alia</span> <span class='ocrx_word' id='word_1_254' title='bbox 329 2526 573 2572; x_wconf 83' lang='lat' dir='ltr'>superscripta.</span> <span class='ocrx_word' id='word_1_255' title='bbox 684 2532 704 2560; x_wconf 83' lang='lat' dir='ltr'>P</span> <span class='ocrx_word' id='word_1_256' title='bbox 723 2542 765 2571; x_wconf 88' lang='grc' dir='ltr'>με</span> <span class='ocrx_word' id='word_1_257' title='bbox 780 2539 850 2562; x_wconf 86' lang='lat' dir='ltr'>om.</span> <span class='ocrx_word' id='word_1_258' title='bbox 873 2529 915 2561; x_wconf 83' lang='lat' dir='ltr'>A.</span> <span class='ocrx_word' id='word_1_259' title='bbox 1013 2534 1031 2562; x_wconf 76' lang='lat' dir='ltr'>q</span> <span class='ocrx_word' id='word_1_260' title='bbox 1052 2543 1103 2562; x_wconf 90' lang='grc' dir='ltr'>τοι</span> <span class='ocrx_word' id='word_1_261' title='bbox 1127 2529 1161 2563; x_wconf 68' lang='lat' dir='ltr'>S,</span> <span class='ocrx_word' id='word_1_262' title='bbox 1193 2529 1392 2575; x_wconf 77' lang='lat' dir='ltr'>Legebatur</span> <span class='ocrx_word' id='word_1_263' title='bbox 1411 2528 1454 2575; x_wconf 87' lang='grc' dir='ltr'>γ’.</span> <span class='ocrx_word' id='word_1_264' title='bbox 1549 2536 1564 2554; x_wconf 92' lang='lat' dir='ltr'>r</span> <span class='ocrx_word' id='word_1_265' title='bbox 1583 2544 1691 2575; x_wconf 80' lang='grc' dir='ltr'>παρα-</span> 
     </span>
     <span class='ocr_line' id='line_1_29' title="bbox 175 2579 1690 2629; baseline 0.003 -17"><span class='ocrx_word' id='word_1_266' title='bbox 175 2579 306 2625; x_wconf 79' lang='grc' dir='ltr'>καλεῖν]</span> <span class='ocrx_word' id='word_1_267' title='bbox 329 2581 540 2625; x_wconf 80' lang='grc' dir='ltr'>παραλαβεῖν</span> <span class='ocrx_word' id='word_1_268' title='bbox 559 2581 631 2613; x_wconf 83' lang='lat' dir='ltr'><strong>A.r.</strong></span> <span class='ocrx_word' id='word_1_269' title='bbox 770 2586 783 2604; x_wconf 79' lang='lat' dir='ltr'>S</span> <span class='ocrx_word' id='word_1_270' title='bbox 803 2579 843 2614; x_wconf 85' lang='grc' dir='ltr'>ἂν</span> <span class='ocrx_word' id='word_1_271' title='bbox 863 2583 894 2614; x_wconf 84' lang='grc' dir='ltr'>οἶ</span> <span class='ocrx_word' id='word_1_272' title='bbox 915 2582 952 2616; x_wconf 84' lang='lat' dir='ltr'>S.</span> <span class='ocrx_word' id='word_1_273' title='bbox 983 2582 1023 2614; x_wconf 77' lang='grc' dir='ltr'>ἅν</span> <span class='ocrx_word' id='word_1_274' title='bbox 1043 2596 1100 2615; x_wconf 90' lang='grc' dir='ltr'>σοι</span> <span class='ocrx_word' id='word_1_275' title='bbox 1119 2583 1237 2628; x_wconf 76' lang='lat' dir='ltr'><strong>vulgo.</strong></span> <span class='ocrx_word' id='word_1_276' title='bbox 1379 2582 1393 2607; x_wconf 71' lang='lat' dir='ltr'><strong>t</strong></span> <span class='ocrx_word' id='word_1_277' title='bbox 1412 2582 1523 2629; x_wconf 81' lang='grc' dir='ltr'>λέγει]</span> <span class='ocrx_word' id='word_1_278' title='bbox 1548 2585 1628 2628; x_wconf 83' lang='grc' dir='ltr'>λέγε</span> <span class='ocrx_word' id='word_1_279' title='bbox 1651 2584 1690 2617; x_wconf 82' lang='lat' dir='ltr'>F.</span> 
     </span>
     <span class='ocr_line' id='line_1_30' title="bbox 176 2632 1691 2681; baseline 0.003 -16"><span class='ocrx_word' id='word_1_280' title='bbox 176 2638 197 2656; x_wconf 67' lang='grc' dir='ltr'>Π</span> <span class='ocrx_word' id='word_1_281' title='bbox 216 2634 282 2677; x_wconf 85' lang='grc' dir='ltr'>γὰρ</span> <span class='ocrx_word' id='word_1_282' title='bbox 303 2632 476 2678; x_wconf 81' lang='grc' dir='ltr'>ἐνθέσθαι]</span> <span class='ocrx_word' id='word_1_283' title='bbox 500 2633 728 2678; x_wconf 85' lang='grc' dir='ltr'>παρενθέσθαι</span> <span class='ocrx_word' id='word_1_284' title='bbox 750 2633 785 2668; x_wconf 89' lang='lat' dir='ltr'>S.</span> <span class='ocrx_word' id='word_1_285' title='bbox 875 2640 893 2658; x_wconf 73' lang='grc' dir='ltr'><strong>Χ</strong></span> <span class='ocrx_word' id='word_1_286' title='bbox 913 2635 1115 2681; x_wconf 81' lang='grc' dir='ltr'>λαμβάνεις]</span> <span class='ocrx_word' id='word_1_287' title='bbox 1138 2636 1414 2681; x_wconf 78' lang='grc' dir='ltr'>παραλαμβάνεις</span> <span class='ocrx_word' id='word_1_288' title='bbox 1432 2636 1507 2670; x_wconf 70' lang='lat' dir='ltr'>As.</span> <span class='ocrx_word' id='word_1_289' title='bbox 1600 2643 1618 2669; x_wconf 66' lang='grc' dir='ltr'>Υ</span> <span class='ocrx_word' id='word_1_290' title='bbox 1639 2637 1691 2670; x_wconf 79' lang='grc' dir='ltr'>εὐ-</span> 
     </span>
     <span class='ocr_line' id='line_1_31' title="bbox 177 2685 1692 2735; baseline 0.003 -16"><span class='ocrx_word' id='word_1_291' title='bbox 177 2685 255 2730; x_wconf 79' lang='grc' dir='ltr'>θὺς]</span> <span class='ocrx_word' id='word_1_292' title='bbox 280 2686 377 2721; x_wconf 77' lang='grc' dir='ltr'>εὐθὺς</span> <span class='ocrx_word' id='word_1_293' title='bbox 396 2685 424 2719; x_wconf 82' lang='grc' dir='ltr'>δ’</span> <span class='ocrx_word' id='word_1_294' title='bbox 446 2687 486 2719; x_wconf 83' lang='grc' dir='ltr'>Α.</span> <span class='ocrx_word' id='word_1_295' title='bbox 507 2686 789 2731; x_wconf 83' lang='lat' dir='ltr'>interpunctione</span> <span class='ocrx_word' id='word_1_296' title='bbox 818 2694 899 2733; x_wconf 85' lang='lat' dir='ltr'>post</span> <span class='ocrx_word' id='word_1_297' title='bbox 923 2689 1167 2733; x_wconf 80' lang='grc' dir='ltr'>παραβεβηκὼς</span> <span class='ocrx_word' id='word_1_298' title='bbox 1193 2689 1229 2723; x_wconf 84' lang='grc' dir='ltr'>δέ</span> <span class='ocrx_word' id='word_1_299' title='bbox 1249 2689 1374 2735; x_wconf 88' lang='lat' dir='ltr'><strong>posita.</strong></span> <span class='ocrx_word' id='word_1_300' title='bbox 1485 2694 1503 2713; x_wconf 83' lang='grc' dir='ltr'><strong>Ζ</strong></span> <span class='ocrx_word' id='word_1_301' title='bbox 1531 2689 1569 2733; x_wconf 77' lang='grc' dir='ltr'>ἐξ</span> <span class='ocrx_word' id='word_1_302' title='bbox 1588 2689 1692 2733; x_wconf 82' lang='grc' dir='ltr'>ἀρχῆς</span> 
     </span>
     <span class='ocr_line' id='line_1_32' title="bbox 179 2739 1693 2789; baseline 0.003 -18"><span class='ocrx_word' id='word_1_303' title='bbox 179 2745 259 2772; x_wconf 84' lang='lat' dir='ltr'>ante</span> <span class='ocrx_word' id='word_1_304' title='bbox 280 2739 338 2772; x_wconf 83' lang='grc' dir='ltr'>οὐκ</span> <span class='ocrx_word' id='word_1_305' title='bbox 359 2739 446 2777; x_wconf 66' lang='lat' dir='ltr'>RQ.</span> <span class='ocrx_word' id='word_1_306' title='bbox 568 2745 586 2763; x_wconf 66' lang='grc' dir='ltr'><strong><em>ἢ</em></strong></span> <span class='ocrx_word' id='word_1_307' title='bbox 605 2739 792 2786; x_wconf 77' lang='grc' dir='ltr'>ἀνῃρηκὼς]</span> <span class='ocrx_word' id='word_1_308' title='bbox 815 2740 994 2785; x_wconf 82' lang='grc' dir='ltr'>ἅνειρηκὼς</span> <span class='ocrx_word' id='word_1_309' title='bbox 1010 2742 1047 2776; x_wconf 85' lang='lat' dir='ltr'>S.</span> <span class='ocrx_word' id='word_1_310' title='bbox 1170 2739 1189 2767; x_wconf 80' lang='lat' dir='ltr'>b</span> <span class='ocrx_word' id='word_1_311' title='bbox 1209 2743 1244 2776; x_wconf 80' lang='grc' dir='ltr'>ἐν</span> <span class='ocrx_word' id='word_1_312' title='bbox 1263 2745 1309 2789; x_wconf 80' lang='grc' dir='ltr'>τῷ</span> <span class='ocrx_word' id='word_1_313' title='bbox 1326 2743 1494 2789; x_wconf 80' lang='grc' dir='ltr'>Βοσπόρῳ</span> <span class='ocrx_word' id='word_1_314' title='bbox 1514 2741 1599 2787; x_wconf 83' lang='grc' dir='ltr'>φῂς]</span> <span class='ocrx_word' id='word_1_315' title='bbox 1624 2742 1693 2786; x_wconf 85' lang='grc' dir='ltr'>φῂς</span> 
     </span>
     <span class='ocr_line' id='line_1_33' title="bbox 177 2791 1692 2842; baseline 0.002 -18"><span class='ocrx_word' id='word_1_316' title='bbox 177 2791 212 2824; x_wconf 83' lang='grc' dir='ltr'>ἐν</span> <span class='ocrx_word' id='word_1_317' title='bbox 232 2794 279 2838; x_wconf 80' lang='grc' dir='ltr'>τῷ</span> <span class='ocrx_word' id='word_1_318' title='bbox 297 2793 464 2838; x_wconf 81' lang='grc' dir='ltr'>βοσπόρῳ</span> <span class='ocrx_word' id='word_1_319' title='bbox 484 2793 556 2826; x_wconf 82' lang='grc' dir='ltr'><strong>Α.1·.</strong></span> <span class='ocrx_word' id='word_1_320' title='bbox 702 2798 718 2818; x_wconf 78' lang='lat'><strong>0</strong></span> <span class='ocrx_word' id='word_1_321' title='bbox 743 2796 791 2840; x_wconf 79' lang='grc' dir='ltr'>τῷ</span> <span class='ocrx_word' id='word_1_322' title='bbox 815 2794 990 2842; x_wconf 81' lang='grc' dir='ltr'>ναυκλήρῳ</span> <span class='ocrx_word' id='word_1_323' title='bbox 1009 2795 1211 2842; x_wconf 82' lang='grc' dir='ltr'>ἀποδοῦναι]</span> <span class='ocrx_word' id='word_1_324' title='bbox 1234 2795 1418 2829; x_wconf 84' lang='grc' dir='ltr'>ἀποδοῦναι</span> <span class='ocrx_word' id='word_1_325' title='bbox 1446 2798 1492 2841; x_wconf 81' lang='grc' dir='ltr'>τῷ</span> <span class='ocrx_word' id='word_1_326' title='bbox 1518 2794 1692 2840; x_wconf 81' lang='grc' dir='ltr'>ναυκλήρῳ</span> 
     </span>
     <span class='ocr_line' id='line_1_34' title="bbox 177 2841 1689 2894; baseline 0.002 -17"><span class='ocrx_word' id='word_1_327' title='bbox 177 2845 268 2891; x_wconf 78' lang='grc' dir='ltr'>αὐτῷ</span> <span class='ocrx_word' id='word_1_328' title='bbox 286 2846 360 2880; x_wconf 91' lang='lat' dir='ltr'>A.r.</span> <span class='ocrx_word' id='word_1_329' title='bbox 446 2841 465 2869; x_wconf 77' lang='lat' dir='ltr'><strong>d</strong></span> <span class='ocrx_word' id='word_1_330' title='bbox 485 2845 634 2890; x_wconf 79' lang='grc' dir='ltr'>διαλέγει</span> <span class='ocrx_word' id='word_1_331' title='bbox 655 2846 690 2880; x_wconf 86' lang='lat' dir='ltr'>S.</span> <span class='ocrx_word' id='word_1_332' title='bbox 722 2846 946 2882; x_wconf 75' lang='lat' dir='ltr'>scribebatur</span> <span class='ocrx_word' id='word_1_333' title='bbox 965 2849 1118 2894; x_wconf 82' lang='grc' dir='ltr'>διαλέγῃ.</span> <span class='ocrx_word' id='word_1_334' title='bbox 1208 2854 1223 2873; x_wconf 72' lang='lat' dir='ltr'><strong>e</strong></span> <span class='ocrx_word' id='word_1_335' title='bbox 1242 2847 1363 2893; x_wconf 74' lang='grc' dir='ltr'>μηδὲν]</span> <span class='ocrx_word' id='word_1_336' title='bbox 1387 2848 1431 2892; x_wconf 88' lang='grc' dir='ltr'>μὴ</span> <span class='ocrx_word' id='word_1_337' title='bbox 1452 2849 1524 2881; x_wconf 83' lang='grc' dir='ltr'>Α.ι·.</span> <span class='ocrx_word' id='word_1_338' title='bbox 1605 2844 1620 2871; x_wconf 80' lang='lat' dir='ltr'>f</span> <span class='ocrx_word' id='word_1_339' title='bbox 1637 2847 1689 2880; x_wconf 82' lang='grc' dir='ltr'>ἐν·</span> 
     </span>
     <span class='ocr_line' id='line_1_35' title="bbox 178 2897 668 2943; baseline 0.002 -12"><span class='ocrx_word' id='word_1_340' title='bbox 178 2897 383 2943; x_wconf 78' lang='grc' dir='ltr'>τεθειμένος]</span> <span class='ocrx_word' id='word_1_341' title='bbox 405 2897 578 2941; x_wconf 79' lang='grc' dir='ltr'>ἐνθέμενος</span> <span class='ocrx_word' id='word_1_342' title='bbox 596 2900 668 2932; x_wconf 86' lang='lat' dir='ltr'>A.r.</span> 
     </span>
    </p>
   </div>
  </div>
 </body>
</html>
