1965 3236
53 144 281 187 —1132,3.
661 139 802 176 ΚΑΤΑ
836 139 1131 177 ΣΤΕΦΑΝΟὙ
1163 141 1205 177 Β.
1583 139 1693 181 1157

175 248 484 313 ἐκμαρτυρίαν
522 249 831 315 ἀγωνίζεσθαι
871 247 984 312 ἅμα,
1022 250 1076 300 ἵν’
1111 249 1192 300 ἐὰν
1226 249 1310 313 μὲν
1344 251 1623 318 ἀναδέχηται
1666 251 1690 300 ὁ

175 331 542 397 ἐκμαρτυρήσας,
587 334 754 386 ἐκεῖνος
796 332 1011 385 ὑπόδικος
1053 331 1083 400 ᾗ
1123 337 1218 383 τῶν
1258 335 1688 401 ψευδομαρτυριῶν,

175 413 254 464 ἐὰν
292 414 341 465 δὲ
378 415 442 479 μὴ
484 416 775 482 ἀναδέχηται,
814 419 855 465 οἱ
892 413 904 449 ⁰³
915 414 1298 482 μαρτυρήσαντες
1342 415 1428 479 τὴν
1466 418 1690 483 ἐκμαρτυ-

138 514 162 553 9
175 498 294 563 ρίαν.
361 499 604 566 Στέφανος
629 500 783 549 τοίνυν
810 499 986 560 οὑτοσὶ,
1013 499 1106 549 οὔτ’
1136 498 1265 552 εἰδὼς
1292 498 1515 563 διαθήκας
1540 523 1685 550 κατα·
1703 525 1719 554 5

174 581 376 632 λιπόντα
415 581 498 632 τὸν
538 583 718 649 πατέρα
756 583 900 646 ἡμῶν,
942 583 1046 632 οὕτε
1088 581 1464 648 παραγενόμενος
1499 583 1689 634 πώποτε

174 665 471 734 διατιθεμένῳ
509 670 575 735 τῷ
612 668 754 732 πατρὶ
792 666 938 729 ἡμῶν,
966 665 1173 720 ἀκούσας
1206 665 1253 717 δὲ
1288 667 1574 732 Φορμίωνος,
1600 690 1685 731 με·
1727 660 1735 667 ‚

171 748 461 814 μαρτύρηκεν
487 749 631 813 ἀκοὴν
657 748 716 799 τὰ
741 752 893 817 ψευδῆ
929 772 978 800 τε
1013 752 1088 800 καὶ
1118 749 1246 816 παρὰ
1281 749 1363 801 τὸν
1397 749 1556 814 νόμον.
1612 754 1688 802 καὶ

171 836 303 882 ταῦθ’
325 832 394 882 ὅτι
421 835 574 898 ἀληθῆ
603 834 742 899 λέγω,
765 832 906 884 αὐτὸν
934 834 1039 896 ὑμῖν
1063 832 1146 884 τὸν
1173 832 1316 897 νόμον
1342 834 1682 899 ἀναγνώσεται.
1703 856 1740 877 10

801 938 1052 985 kNOMOE.

283 1024 428 1074 Ἀκοὴν
450 1024 549 1065 εἶναι
569 1029 778 1077 μαρτυρεῖν
806 1028 1027 1071 τεθνεῶτος,
1056 1026 1311 1077 ἐκμαρτυρίαν
1333 1027 1374 1066 δὲ
1396 1027 1602 1079 ὑπερορίου
1624 1028 1685 1067 καὶ

227 1092 428 1132 ἀδυνάτου.

106 1209 155 1235 10
241 1181 325 1233 “Ως
361 1180 517 1230 τοίνυν
555 1182 629 1230 καὶ
663 1180 773 1245 παρ’
811 1180 968 1245 ἕτερον
1002 1180 1144 1243 νόμον
1182 1182 1549 1248 μεμαρτύρηκεν,
1587 1184 1685 1233 ἐπι-

167 1265 312 1332 δεῖξαι
352 1266 458 1326 ὑμῖν
496 1264 746 1327 βούλομαι,
785 1264 860 1314 ἵνα
901 1266 1047 1327 εἰδῆτε
1088 1264 1159 1314 ὅτι
1193 1263 1417 1329 μεγάλων
1450 1266 1676 1330 ἀδικημά-

165 1371 259 1398 των
298 1349 379 1398 οὐκ
414 1347 533 1414 ἔχων
575 1346 852 1415 καταφυγὴν
887 1349 911 1397 ὁ
958 1349 1193 1413 Φορμίων,
1233 1348 1480 1418 πρόφασιν
1515 1350 1734 1410 λαβὼνῑὸ

163 1432 295 1500 λόγῳ
347 1430 433 1495 τὴν
482 1430 765 1497 πρόκλησιν,
817 1430 939 1500 ἔργῳ
992 1431 1130 1484 αὐτὸς
1183 1433 1308 1500 αὑτῷ
1357 1432 1681 1498 μεμαρτύρηκε

161 1513 554 1581 προστησάμενος
592 1514 797 1576 τούτους,
824 1518 882 1565 δι’
911 1512 975 1564 ὧν
1006 1518 1048 1565 οἱ
1081 1514 1166 1578 μὲν
1193 1517 1411 1565 δικασταὶ
1437 1515 1676 1583 ἐξηπατή-

122 1638 124 1641 .
163 1603 319 1663 θησαν
346 1601 407 1652 ὡς
433 1601 587 1663 ἀληθῆ
615 1598 793 1649 τούτων
818 1598 1193 1665 μαρτυρούντων,
1221 1599 1313 1664 ἐγὼ
1341 1599 1389 1649 δὲ
1411 1600 1674 1666 ἀπεστερή-

162 1687 249 1747 θην
288 1680 353 1733 ὦν
392 1684 416 1732 ὁ
454 1682 609 1749 πατήρ
648 1705 729 1746 μοι
765 1682 986 1734 κατέλιπε
1024 1681 1278 1749 χρημάτων
1316 1685 1391 1733 καὶ
1426 1689 1508 1733 τοῦ
1548 1685 1733 1748 61'1071120

96 1784 111 1812 1
132 1786 139 1811 ι
162 1770 329 1825 λαβεῖν
365 1767 470 1831 περὶ
509 1763 573 1814 ὧν
614 1766 873 1827 ἀδικοῦμαι,
928 1771 1177 1831 μαρτυρεῖν
1213 1765 1306 1832 γὰρ
1348 1770 1390 1816 οἱ
1429 1766 1561 1829 νόμοι
1596 1768 1679 1817 οὐκ

159 1852 300 1899 ἐῶσιν
338 1847 479 1899 αὐτὸν
519 1849 645 1916 αὐτῷ
687 1850 784 1899 οὔτ’
820 1850 894 1899 ἐπὶ
940 1853 1041 1902 ταῖς
1079 1853 1285 1917 γραφαῖς
1327 1851 1419 1900 οὔτ’
1461 1852 1533 1900 ἐπὶ
1577 1856 1677 1904 ταῖς

158 1933 304 1985 δίκαις
329 1933 425 1982 οὔτ’
447 1933 495 1981 ἐν
517 1935 617 1984 ταῖς
644 1931 868 1985 εὐθύναις.
911 1932 936 1981 ὁ
963 1933 1119 1982 τοίνυν
1140 1934 1362 1998 Φορμίων
1388 1933 1525 1986 αὐτὸς
1552 1936 1678 2003 αὑτῷ

156 2015 521 2081 μεμαρτύρηκεν,
542 2013 681 2065 ὁπότε
702 2017 854 2082 φασὶν
873 2015 998 2065 οὗτοι
1025 2016 1312 2070 ἀκούσαντες
1336 2018 1507 2067 ἐκείνου
1527 2023 1674 2069 ταῦτα

157 2095 571 2164 μεμαρτυρηκέναι,
634 2098 709 2148 ἵνα
744 2097 792 2148 δὲ
818 2100 965 2161 εἰδῆτε
991 2101 1209 2164 ἀκριβῶς,
1236 2099 1378 2150 αὑτὸν
1411 2098 1494 2151 τὸν
1530 2101 1673 2163 νόμον
1687 2121 1724 2151 ²5

156 2204 235 2244 μοι
261 2180 511 2245 ἀνάγνωθι.

804 2258 1025 2298 ΝΟΜΟΣ.

93 2366 140 2395 12
268 2349 366 2385 Τοῖν
388 2346 596 2385 ἀντιδίκοιν
622 2344 839 2397 ἐπάναγκες
865 2346 965 2387 εἶναι
993 2347 1277 2398 ἀποκρίνασθαι
1299 2346 1492 2396 ἀλλήλοις
1513 2347 1556 2386 τὸ
1579 2348 1669 2398 ἐρω-

212 2413 398 2462 τώμενον,
420 2415 627 2463 μαρτυρεῖν
649 2413 690 2452 δὲ
710 2412 773 2462 μή.

230 2500 487 2568 Σκέψασθε
520 2502 675 2552 τοίνυν
707 2503 889 2552 τουτονὶ
923 2501 1006 2552 τὸν
1039 2502 1194 2565 νόμον,
1222 2501 1272 2555 ὃς
1298 2502 1471 2552 κελεύει
1504 2503 1663 2552 ὑποδί-
1687 2520 1793 2561 1¹32

153 2606 260 2635 κους
298 2581 410 2633 εῖναι
449 2587 543 2633 τῶν
577 2586 995 2650 ψευδομαρτυριῶν
1032 2587 1107 2635 καὶ
1142 2585 1241 2635 κατ’
1270 2583 1383 2635 αὐτὸ
1416 2591 1567 2647 τοῦτο,
1599 2585 1669 2635 ὅτι

151 2670 378 2731 μαρτυρεῖ
400 2664 529 2731 παρὰ
554 2664 636 2716 τὸν
662 2665 816 2729 νόμον.

202 2836 213 2870 j
245 2838 519 2883 μαρτυρήσαντες
538 2840 713 2873 ReiskiuS.
755 2840 1066 2886 ἐκμαρτυρήσαντες
1095 2841 1183 2875 libri.
1325 2838 1343 2864 ι(
1375 2841 1488 2885 Leges
1511 2846 1545 2874 et
1564 2841 1664 2874 testi-

153 2892 270 2925 monia
290 2892 325 2924 in
347 2892 410 2925 hae
431 2893 588 2927 oratioue
608 2905 676 2926 om.
700 2894 734 2927 S.
