1965 3236
58 188 213 228 —913‚
235 191 284 214 18.
696 180 838 217 ΠΡΟΣ
870 178 1177 215 ΦΟΡΜΙΩΝΑ.
1609 175 1692 216 945

185 286 409 350 Λάμπιδι,
456 291 529 338 καὶ
580 293 710 339 ταῦτ’
750 290 861 350 ἐμοῦ
906 287 1158 353 διαρρήδην
1202 287 1480 354 γράψαντος
1530 289 1591 337 εἰς
1641 284 1694 335 τὸ

184 369 412 433 ἔγκλημα,
449 370 474 420 ὃ
516 371 736 433 ἠκούσατ’
779 371 960 436 ἀρτίως,
998 370 1068 420 ὅτι
1108 371 1211 420 οὕτε
1248 369 1307 419 τὰ
1345 369 1546 435 χρήματ’
1582 367 1694 416 Οὲν-

185 456 314 503 θοιτο
353 458 415 507 εἰς
453 453 539 517 τὴν
574 459 686 504 ναῦν
723 455 815 504 οὔτ’
845 453 1090 504 Ρἀπέδωκε
1124 453 1178 503 τὸ
1213 453 1423 519 χρυσίον.
1480 452 1585 501 τίνα
1619 451 1699 500 οῦν

185 537 368 587 (Ιὸίλλον
405 537 496 604 χρὴ
534 539 792 603 περιμένειν
835 539 950 600 ὑμᾶς
994 536 1221 602 μάρτυρα,
1259 535 1372 585 ὅταν
1415 533 1700 598 τηλικαύτην
1715 559 1753 588 25

185 622 444 686 μαρτυρίαν
469 621 578 686 παρ’
602 622 754 670 αὐτῶν
778 619 956 670 τούτων
981 620 1115 686 ε”χητε
1139 641 1150 680 ;

121 725 172 753 22
264 704 561 767 Μελλούσης
600 703 680 754 Γδέ
712 707 794 766 τῆς
829 705 957 766 δίκης
996 703 1184 752 εἰσιέναι
1223 706 1284 755 εἰς
1322 701 1376 752 τὸ
1404 700 1704 766 δικαστήριον
1738 718 1746 724 ’

186 787 368 837 ἐδέοντο
418 788 581 850 Ξὴμῶν
632 787 880 854 ἐπιτρέψαι
931 787 1032 836 τινί·
1083 788 1158 835 καὶ
1203 786 1330 848 ἡμεῖς
1382 783 1705 851 ἐπετρέψαμεν

187 870 407 939 Θεοδότῳ
449 875 657 920 ἰσοτελεῖ
697 870 815 920 κατὰ
859 869 1112 933 συνθήκας.
1168 872 1243 919 καὶ
1289 871 1313 919 ὁ
1356 867 1546 930 Λάμπις
1585 865 1704 930 μετὰ

187 960 334 1004 ταῦτα
377 955 575 1016 νομίσας
613 955 739 1021 αὐτῷ
781 952 1002 1020 ἀσφαλὲς
1047 952 1135 1015 ἤδη
1175 951 1287 1002 εἶναι
1328 952 1447 1017 πρὸς
1492 952 1702 1016 διαιτητῇ

188 1042 437 1102 μαρτυρεῖν
475 1036 500 1087 ὅ
545 1060 589 1086 τι
627 1037 865 1098 βούλοιτο,
906 1035 1217 1101 μερισάμενος
1259 1035 1313 1086 τὸ
1355 1034 1466 1098 ἐμὸν
1506 1034 1799 1100 χρυσίον9ῑ3

188 1120 305 1184 μετὰ
333 1123 605 1187 Φορμίωνος
632 1122 836 1170 ἴτουτουὶ
862 1127 882 1145 “
893 1120 1135 1186 ἐμαρτύρει
1162 1119 1411 1169 Χτοίναντία
1437 1117 1504 1171 οἷς
1530 1117 1699 1182 πρότε-

125 1233 173 1274 23
188 1227 272 1270 ρον
298 1211 315 1238 Y
333 1203 515 1269 εἰρήκει.
557 1205 610 1254 οὐ
636 1202 728 1269 γὰρ
755 1202 915 1265 ὅμοιόν
940 1205 1084 1264 ἐστιν,
1106 1201 1142 1252 ὦ
1170 1202 1332 1267 ἄνδρες
1362 1205 1618 1265 Ἀθηναῖοι,
1643 1204 1706 1253 εἰς

189 1286 249 1337 τὰ
289 1287 484 1353 ὑμέτερα
522 1286 760 1353 πρόσωπα
802 1285 1125 1347 Ζέμβλέποντα
1168 1283 1226 1334 τὰ
1265 1285 1418 1352 ψευδῆ
1457 1287 1736 1348 μαρτυρεῖν5

191 1373 268 1420 καὶ
311 1370 429 1436 πρὸς
475 1373 701 1437 διαιτητῇ·
749 1371 857 1434 παρ’
903 1371 1008 1432 ὑμῖν
1051 1367 1136 1431 μὲν
1180 1367 1273 1433 γὰρ
1318 1369 1427 1417 ἢκαὶ
1466 1365 1584 1432 ὀργὴ
1618 1389 1701 1429 με-

679 1452 696 1480 b

190 1453 318 1517 γάλη
345 1455 420 1504 καὶ
446 1454 643 1519 τιμωρία
719 1452 952 1504 ὑπόκειται
980 1458 1073 1505 τοῖς
1099 1459 1115 1478 ⁶
1132 1451 1190 1502 τὰ
1216 1454 1368 1520 ψευδῆ
1399 1455 1706 1517 μαρτυροῦσι,

189 1537 308 1602 πρὸς
342 1537 389 1587 δὲ
425 1541 491 1605 τῷ
531 1540 740 1602 διαιτητῇ
773 1535 1024 1589 ἀκινδύνως
1059 1539 1134 1586 καὶ
1166 1535 1489 1601 ἀναισχύντως
1523 1556 1704 1599 μαρτυ-

405 1620 426 1636 ‘l

189 1626 357 1685 ροῦσιν
402 1643 426 1669 ο
466 1643 510 1669 τι
548 1618 605 1669 ἂν
642 1619 923 1678 βούλωνται.
989 1620 1362 1680 ἀγανακτοῦντος
1407 1617 1461 1667 δέ
1497 1639 1587 1679 μου
1633 1617 1708 1666 καὶ

191 1702 566 1769 σχετλιάζοντος,
588 1700 624 1752 ὦ
646 1702 808 1767 ἄνδρες
833 1703 1089 1764 Ἀθηναῖοι,
1110 1704 1184 1752 ε’πὶ
1209 1706 1267 1766 τῇ
1293 1701 1447 1767 τόλμῃ
1472 1705 1554 1750 τοῦ
1575 1698 1709 1761 Λάμ-
1726 1721 1764 1742 ιο

128 1789 339 1849 24πιδος,
360 1788 434 1835 καὶ
459 1786 778 1852 παρεχομένου
804 1786 923 1851 πρὸς
949 1784 1031 1835 τὸν
1058 1784 1295 1847 διαιτητὴν
1321 1784 1407 1847 τὴν
1427 1782 1571 1847 αὐτὴν
1590 1805 1710 1846 μαρ-

192 1873 369 1933 τυρίαν,
396 1869 541 1933 ἥνπερ
579 1870 655 1918 καὶ
686 1874 767 1918 νῦν
792 1868 911 1933 πρὸς
951 1870 1067 1929 ὑμᾶς
1105 1867 1381 1934 παρέχομαι,
1408 1871 1502 1916 τῶν
1537 1865 1593 1933 ἐξ
1620 1867 1707 1930 ἀρ-

193 1955 280 2018 χῆς
317 1951 686 2017 προσελθόντων
713 1954 836 2020 αὐτῷ
871 1953 970 2014 μεθ’
1001 1953 1145 2014 ἡμῶν,
1172 1951 1247 2001 ὅτε
1283 1952 1386 2001 οὕτε
1424 1948 1478 2000 τὸ
1512 1949 1711 2016 χρυσίον

1121 2032 1139 2059 d

194 2035 284 2101 ἔφη
311 2035 621 2101 ἀπειληφέναι
647 2033 776 2100 παρὰ
795 2034 962 2084 τούτου
989 2036 1093 2084 οὔτε
1150 2033 1208 2084 τὰ
1228 2033 1426 2100 χρήματ’
1449 2032 1615 2082 θαῦτὸν
1640 2033 1711 2081 ἐν-

195 2119 363 2168 θέσθαι
390 2123 449 2170 εἰς
475 2117 561 2180 τὴν
588 2124 713 2179 ναῦν,
741 2118 887 2169 οὕτως
913 2119 938 2167 ὁ
967 2117 1156 2178 Λάμπις
1184 2116 1302 2166 κατὰ
1328 2115 1497 2181 κράτος
1522 2115 1709 2183 ἐξελεγ-
1727 2133 1761 2164 15

196 2201 391 2267 χόμενος
431 2200 508 2250 Ῐ’τοὶ
534 2203 687 2267 ψευδῆ
721 2204 969 2265 μαρτυρῶν
995 2201 1099 2248 ἕκαὶ
1133 2198 1336 2263 πονηρὸς
1376 2197 1441 2247 ὧν
1477 2196 1711 2261 ὡμολόγει

196 2284 281 2346 μὲν
307 2284 529 2350 εἰρηκέναι
568 2289 717 2333 ταῦτα
754 2282 873 2346 πρὸς
911 2287 1091 2342 τοῦτον,
1119 2282 1172 2330 οὐ
1201 2281 1357 2343 μέντοι
1384 2279 1466 2345 11γε
1493 2278 1620 2332 ἐντὸς
1646 2277 1712 2327 ὧν

197 2372 338 2418 εἰπεῖν
365 2369 519 2417 αὑτοῦ.
562 2366 643 2416 καί
663 2388 742 2428 μοι
769 2365 1005 2429 ἀνάγνωθι
1032 2364 1204 2427 ταύτην
1230 2363 1315 2426 τὴν
1340 2363 1615 2428 μαρτυρίαν.

252 2529 270 2548 0
290 2524 438 2569 ἔνθοιτο]
462 2523 614 2557 ἕνθοιντο
630 2526 704 2556 A.r.
781 2528 798 2554 Ρ
818 2522 968 2554 ἀπέδωκε
991 2521 1026 2554 S.
1058 2520 1258 2565 Legebatur
1272 2518 1475 2552 ἀποδέδωκε.
1544 2523 1562 2549 (Ι
1582 2516 1709 2562 ἄλλον]

199 2579 333 2619 μᾶλλον
353 2578 425 2610 Am.
550 2582 564 2599 Γ
584 2576 637 2621 δέ]
663 2590 698 2609 τε
719 2577 760 2609 Α.
885 2580 899 2598 S
920 2573 1028 2618 ἡμῶν]
1056 2573 1146 2615 ὑμῶν
1167 2572 1254 2610 ῈΗΩ
1380 2570 1394 2595 t
1414 2569 1566 2615 τουτουὶ]
1591 2568 1714 2603 τούτου

200 2630 368 2667 A.F.Q.r.
479 2634 500 2652 u
521 2627 698 2673 ἐμαρτύρει
717 2640 786 2662 om.
809 2626 936 2665 FUSQ.
1038 2632 1055 2647 x
1075 2625 1249 2670 τάναντία]
1274 2625 1316 2657 τὰ
1335 2622 1467 2657 ἐναντία
1489 2623 1525 2657 S.
1628 2628 1646 2654 Υ
1666 2622 1714 2654 εἷ-

200 2681 309 2726 ρήκει]
334 2680 461 2726 εἴρηκεν
483 2681 569 2719 F.Q.
699 2686 716 2704 Ζ
736 2681 951 2724 ἐμβλέποντα
970 2678 1028 2724 τὰ]
1052 2678 1276 2721 ἐμβλέψοντα
1295 2678 1367 2710 A.r.
1488 2681 1507 2700 a
1526 2675 1577 2708 καὶ
1598 2674 1714 2707 addidi

201 2747 244 2767 ex
267 2735 301 2767 S.
411 2730 431 2757 b
452 2733 640 2778 ὑπόκειται]
664 2733 835 2766 ἀπόκειται
855 2734 928 2766 A.1·.
1050 2737 1067 2755 C
1085 2731 1127 2763 τὰ
1148 2742 1217 2764 om.
1240 2731 1312 2763 A.l·.
1432 2725 1451 2751 d
1472 2728 1512 2761 τὰ
1533 2727 1649 2760 addidi
1669 2737 1714 2759 ex

203 2788 274 2819 As.
303 2786 406 2820 Conf.
428 2787 471 2819 ad
493 2798 526 2830 p.
551 2797 642 2832 910,
668 2784 727 2819 26.
824 2791 839 2809 Ε
860 2786 961 2818 αὐτὸν
980 2783 1153 2827 ἐνθέσθαι]
1179 2782 1337 2816 ἐνθέσθαι
1356 2781 1458 2814 αὐτὸν
1478 2781 1548 2813 Λ.ι·.
1642 2775 1657 2801 f
1673 2778 1715 2810 τὰ

203 2839 360 2872 additum
381 2851 423 2872 ex
444 2839 554 2872 A.S.1·.
683 2844 704 2871 g
724 2839 776 2871 καὶ
795 2838 940 2883 πονηρὸς
960 2835 1004 2869 ὢν
1025 2848 1095 2870 om.
1118 2837 1190 2870 A.r.
1314 2831 1334 2858 h
1354 2848 1393 2879 γε
1412 2833 1505 2866 ἐντὸς
1525 2830 1569 2864 ὢν
1589 2828 1709 2873 εἰπεῖν]

203 2892 297 2926 ἐντὸς
315 2890 359 2925 ὢν
378 2888 470 2924 εἶπεν
492 2891 565 2924 A.r.

927 2962 998 2989 Οἳ
