1965 3236
35 187 189 228 —951‚
208 193 259 217 -26,
662 184 806 221 ΎῚἹΕΡ
837 183 1181 221 ΦΟΡΜΙΩΝΟΣ.
1595 180 1674 222 981

161 291 510 358 μεμαρτύρηται
549 295 669 357 ὑμῖν·
713 299 807 344 τῶν
842 293 889 344 δὲ
923 293 1109 362 λήξεων
1146 293 1324 344 τούτων
1354 292 1678 358 ἀναγνώσεται

98 391 147 432 25
164 377 269 438 ὑμῖν
295 376 378 429 τὰς
402 378 671 443 μαρτυρίας.
711 376 833 437 λαβὲ
859 376 942 430 τὰς
968 378 1226 443 μαρτυρίας
1249 400 1345 441 μοι.

742 470 760 499 b
773 477 1099 517 MAPTTPIAI.

238 547 427 596 Οὐκοῦν
465 547 513 596 ἐν
547 546 735 599 ταύταις
767 551 867 600 ταῖς
905 546 1106 615 λήξεσιν
1134 546 1439 613 ὡμολόγηκεν
1475 548 1673 610 ἀπειλη-
1695 560 1773 603 951

164 628 300 696 φέναι
338 629 396 679 τὰ
434 636 516 680 τοῦ
558 629 737 696 πατρὸς
771 629 1044 695 γράμματα·
1088 632 1141 681 οὐ
1173 630 1266 697 γὰρ
1308 630 1388 694 0δὴ
1428 635 1674 698 συκοφαν-

164 718 258 763 τεῖν
277 737 344 778 γε,
369 715 460 765 οὐδ’
484 712 548 764 ὧν
569 716 651 764 οὐκ
678 713 883 781 ὤφειλον
909 712 1062 765 ἁοῦτοι
1090 714 1357 780 δικάζεσθαι
1384 714 1581 782 φήσειεν
1607 715 1677 765 ἄν.

100 810 150 849 26
240 797 430 862 Νομίζω
467 798 634 860 τοίνυν,
662 796 698 847 ὦ
725 798 887 864 ἄνδρες
912 799 1167 863 Ἀθηναῖοι,
1193 798 1415 864 μεγάλων
1442 801 1517 848 καὶ
1551 805 1674 849 πολ-
1694 810 1711 841 5

164 886 265 931 λῶν
303 881 451 932 ὄντων
490 882 547 950 ἐξ
578 880 642 931 ὧν
681 882 813 932 ἔστιν
851 885 960 933 ἰδεῖν
994 884 1103 933 e0131<
1143 885 1391 933 ἀδικοῦντα
1429 883 1683 948 Φορμίωνα

165 965 376 1026 “rom-0122,
403 965 630 1029 μέγιστον
664 965 886 1016 ἁπάντων
913 964 1038 1028 εῖναι,
1073 966 1142 1017 ὅτι
1182 969 1448 1030 Πασικλῆς,
1476 964 1683 1033 ἀδελφὸς

164 1047 228 1098 ὢν
254 1049 629 1114 Ἀπολλοδώρου
664 1051 888 1111 ἑἶτουτουῖ,
916 1052 1019 1100 οὔτε
1059 1051 1190 1114 δίκην
1224 1050 1409 1116 εἴληχεν
1448 1050 1541 1100 οὔτ’
1570 1049 1679 1099 ἄλλ’

101 1149 150 1190 27
166 1131 297 1181 οὐδὲν
322 1129 386 1181 ὧν
413 1132 545 1184 οὗτος
580 1133 783 1196 ἐγκαλεῖ.
845 1134 993 1183 καίτοι
1028 1134 1081 1183 οὐ
1117 1133 1266 1197 δήπου
1302 1132 1384 1183 τὸν
1418 1132 1502 1196 μὲν
1536 1135 1682 1183 παῖδα

166 1214 255 1266 ὑπὸ
290 1220 372 1265 τοῦ
411 1214 588 1281 πατρὸς
627 1216 1012 1282 καταλειφθέντα,
1040 1218 1115 1266 καὶ
1142 1217 1195 1266 οῦ
1228 1221 1323 1266 τῶν
1348 1215 1496 1266 ὅντων
1529 1214 1681 1280 κύριος
1700 1235 1737 1256 ¹0

164 1298 234 1363 ἧν,
270 1300 518 1365 ἐπίτροπος
559 1300 994 1363 καταλελειμμένος,
1029 1301 1112 1350 οὐκ
1148 1298 1206 1350 ἀν
1245 1300 1403 1363 ἠδίκει,
1436 1298 1494 1349 σὲ
1533 1297 1594 1360 δὲ,
1633 1297 1683 1351 ὃς

165 1381 282 1448 ἀνὴρ
321 1384 630 1451 κατελείφθης
672 1382 871 1448 τέτταρα
905 1385 980 1433 καὶ
1017 1383 1192 1434 εἴκοσιν
1230 1384 1308 1447 ε”τη
1347 1381 1568 1449 γεγονὼς,
1608 1383 1684 1432 καὶ

167 1465 280 1532 ὑπὲρ
313 1473 493 1518 σαυτοῦ
532 1468 702 1535 ῥᾳδίως
747 1465 804 1517 ἂν
844 1466 903 1518 τὰ
939 1468 1093 1518 δίκαια
1132 1467 1395 1531 ἐλάμβανες
1430 1466 1574 1528 εὐθὺς,
1609 1465 1688 1516 ἢεῖ

166 1573 210 1601 τι
235 1552 408 1614 ἠδικοῦ.
467 1553 549 1602 οὐκ
580 1553 682 1601 ἔστι
717 1557 878 1602 ταῦτα.
921 1553 983 1604 ὡς
1017 1551 1173 1602 τοίνυν
1207 1556 1336 1602 ταῦτ’
1364 1553 1519 1615 ἀληθῆ
1555 1551 1732 1615 λε’γωῐὸ

167 1636 242 1683 καὶ
288 1636 312 1684 ὁ
366 1638 617 1699 Πασικλῆς
669 1634 798 1686 οὐδὲν
848 1636 1050 1700 ἐγκαλεῖ,
1097 1635 1224 1696 λαβέ
1264 1658 1342 1697 μοι
1385 1633 1472 1698 τὴν
1515 1634 1683 1685 τούτου

166 1720 442 1785 μαρτυρίαν.

777 1809 1082 1850 MAPTYPIA.

106 1902 155 1940 28
235 1889 303 1941 ΔΑ
342 1892 496 1941 τοίνυν
534 1890 648 1955 Ξῆδη
682 1894 787 1957 περὶ
825 1893 966 1942 αὐτοῦ
1004 1897 1086 1942 τοῦ
1118 1891 1183 1955 μὴ
1215 1891 1535 1957 εἰσαγώγιμον
1571 1888 1683 1941 εῖναι

169 1972 254 2038 τὴν
292 1975 422 2038 δίκην
461 1977 532 2025 δεῖ
561 1981 758 2026 σκοπεῖν
797 1977 927 2039 ὑμᾶς,
970 1977 1096 2026 ταῦτ’
1129 1975 1461 2040 ἀναμνήσθητε
1504 1976 1553 2025 ἐκ
1591 1979 1685 2024 τῶν

168 2059 430 2123 εἰρημένων.
488 2059 617 2122 ἡμεῖς
658 2058 763 2126 γὰρ,
805 2057 841 2109 ὦ
882 2059 1044 2126 ἄνδρες
1085 2061 1339 2123 Ἀθηναῖοι,
1376 2058 1684 2125 γεγενημένου
1698 2081 1738 2103 20

168 2139 279 2204 1(μὲν
325 2145 642 2206 διαλογισμοῦ
694 2145 769 2193 καὶ
811 2143 1023 2210 ἀφέσεως
1073 2146 1155 2207 τῆς
1205 2142 1432 2209 τραπέζης
1483 2146 1559 2193 καὶ
1602 2147 1686 2192 τοῦ

168 2226 540 2290 ἀσπιδοπηγείου
590 2229 672 2289 τῆς
721 2226 1018 2289 μισθώσεως,
1062 2227 1371 2292 γεγενημένης
1421 2225 1469 2276 δὲ
1511 2226 1687 2289 διαίτης

169 2312 243 2360 καὶ
279 2308 442 2361 1πάλιν
472 2310 664 2361 πάντων
699 2311 927 2379 ἀφέσεως,
965 2312 1047 2360 οὐκ
1083 2311 1265 2361 ἐώντων
1296 2315 1391 2360 τῶν
1429 2309 1585 2373 νόμων
1621 2309 1687 2359 δί-

170 2416 253 2446 κας
303 2391 367 2444 ὧν
417 2393 474 2443 ἂν
524 2395 625 2462 ἀφῇ
673 2417 742 2447 τις
791 2392 926 2462 ἅπαξ
964 2393 1233 2461 λαγχάνειν,
1275 2397 1686 2463 συκοφαντοῦντος

107 2497 158 2537 29
171 2477 335 2527 τούτου
386 2479 463 2527 καὶ
499 2477 628 2543 παρὰ
670 2477 775 2530 τοῦς
818 2476 986 2540 νόμους
1030 2475 1328 2541 δικαζομένου
1371 2475 1738 2543 παρεγραψά-ῑε)

170 2566 291 2622 μεθα
328 2562 376 2610 ἐκ
411 2565 505 2610 τῶν
549 2559 703 2624 νόμων
740 2559 804 2624 μὴ
844 2568 873 2587 ¹¹¹
893 2557 1006 2610 εἶναι
1051 2559 1136 2624 τὴν
1174 2560 1305 2623 δίκην
1345 2560 1680 2625 εἰσαγώγιμον.

225 2714 244 2742 b
266 2717 518 2762 MAPTYPIAI]
546 2722 766 2751 MAPTYPIA
789 2718 826 2752 S.
902 2722 918 2741 0
938 2716 1145 2762 δὴ-οῧτοι]
1168 2717 1369 2751 δεῖ-αὐτοὶ
1388 2717 1461 2750 Α.ι·.
1536 2712 1555 2739 d
1574 2713 1684 2757 οὗτοι]

172 2772 267 2805 αὐτοὶ
286 2772 327 2805 Α.
456 2776 471 2794 e
493 2770 568 2815 οὐκ]
594 2769 663 2804 οὐδ’
685 2771 727 2805 Β.
859 2769 868 2791 s
886 2770 1036 2815 τουτονὶ]
1062 2771 1171 2804 οὐδενὶ
1192 2782 1218 2803 r.
1348 2775 1368 2803 g
1387 2767 1539 2813 τουτουὶ]
1565 2766 1687 2800 τούτου

171 2825 246 2858 A.r.
371 2820 391 2847 h
410 2822 458 2868 ε’ί]
484 2838 502 2865 η
523 2823 567 2861 Q.
692 2820 701 2847 i
722 2823 798 2868 ἤδη]
823 2824 884 2866 ἤδη
904 2824 955 2857 καὶ
976 2824 1048 2857 As.
1080 2835 1149 2857 om.
1171 2823 1258 2861 RQ.
1387 2819 1402 2841 ¹³
1423 2822 1484 2865 μὲν
1503 2833 1574 2855 om.
1600 2820 1686 2857 RQ.

170 2874 180 2901 Ῑ
200 2878 304 2910 πάλιν
323 2876 458 2909 πάντων
477 2875 634 2920 ἀφέσεως
655 2876 689 2910 S.
721 2877 856 2909 πάντων
875 2877 979 2910 πάλιν
997 2877 1157 2921 ἀφέσεως
1177 2876 1268 2914 F.Q.
1303 2875 1407 2908 πάλιν
1426 2873 1583 2918 ἀφέσεως
1602 2873 1685 2906 πάν-

170 2944 237 2963 των
256 2930 327 2963 Am.
418 2935 447 2953 m
469 2925 550 2962 εἶναι
570 2929 629 2971 τὴν
649 2929 741 2971 δίκην
757 2929 985 2974 εἷσαγώγιμον
1007 2929 1041 2963 S.
1071 2926 1155 2963 εἶναι
1174 2929 1403 2974 εἰσαγώγιμον
1421 2927 1482 2969 τὴν
1500 2926 1593 2969 δίκην
1612 2926 1687 2959 Α.1·.

171 2983 400 3028 εἰσαγώγιμον
421 2979 503 3015 εἶναι
525 2982 583 3024 τὴν
604 2982 697 3024 δίκην
719 2982 808 3020 F.Q.
