1965 3236
38 165 219 206 —1105,
242 170 248 193 ι
264 170 290 193 1.
649 156 790 193 ΚΑΤΑ
823 156 1119 193 ΣΤΕΦΑΝΟΎ
1150 158 1195 193 Α.
1566 154 1677 192 1133

221 267 314 317 φίας
349 268 369 305 ὁ
408 269 724 318 Κηφισοφῶντος
761 266 958 316 κηδεστής·
1003 267 1307 317 Ἀπολλόδωρον
1341 267 1381 305 δὲ
1419 267 1485 306 οὐκ
1522 266 1676 306 ἐθέλειν

221 333 407 384 ἀνοίγειν·
441 333 539 373 εἶναι
561 334 601 373 δὲ
625 342 640 359 2
656 335 701 373 τὰ
723 334 947 385 ἀντίγραφα
967 337 1042 372 τῶν
1063 336 1253 383 διαθηκῶν
1274 336 1348 372 τῶν
1371 334 1591 376 Πασίωνος.
1694 335 1731 354 ¹0

104 433 152 461 12
238 411 508 462 Ἠκούσατε
542 412 627 475 μὲν
661 415 743 476 τῆς
775 412 1042 477 μαρτυρίας,
1069 409 1106 460 ὦ
1140 411 1302 476 ἄνδρες
1335 413 1564 471 δικασταὶ,
1594 435 1670 461 νο-

165 495 279 561 μίζω
316 499 356 546 δ’
393 498 521 559 ὑμᾶς,
556 500 591 546 εἱ
631 499 705 546 καὶ
739 495 882 559 μηδὲν
913 499 1007 545 τῶν
1042 494 1208 544 ἄλλων
1241 493 1562 544 ἢαὶσθοῖνεσθέ
1587 518 1676 557 πω,

166 577 302 630 τοῦτό
338 602 390 644 γε
425 578 537 629 αὐτὸ
576 577 836 645 θαυμάζειν,
863 577 916 629 τὸ
953 577 1038 642 τὴν
1073 577 1156 641 μὲν
1194 577 1344 645 ἀρχὴν
1377 581 1458 641 τῆς
1493 601 1672 644 μαρτυ-

165 664 266 729 ρίας
306 661 418 713 εἶναι
457 663 738 729 πρόκλησιν,
765 662 850 727 τὴν
882 662 929 713 δὲ
955 661 1178 726 τελευτὴν
1205 662 1445 726 διαθήκην.
1508 664 1561 712 οὐ
1586 662 1730 726 μὴνῐὸ

167 748 277 797 ἀλλ’
319 746 456 811 ἔγωγ’
500 745 625 809 οἶμαι
667 749 773 809 δεῖν,
813 746 1011 804 ἐπειδὰν,
1057 745 1081 796 δ
1124 751 1218 796 τῶν
1257 746 1680 812 μεμαρτυρημένων

168 832 370 896 ὡσπερεὶ
411 829 668 897 κεφάλαιόν
702 832 845 892 ἐστιν,
885 830 1030 880 ε’πιὸεί
1062 853 1097 880 ω
1131 832 1308 897 ψεῦδος
1346 828 1410 890 ὃν,
1450 831 1679 894 τηνικαῦτ’

108 915 257 978 13ἧδη
293 916 367 964 καὶ
397 917 502 980 περὶ
536 919 629 965 τῶν
663 913 883 965 τοιούτων
920 917 1154 965 ποιεῖσθαι
1192 912 1298 966 τοὺς
1336 914 1519 979 λόγους.
1580 914 1683 964 ἔστι

170 997 225 1061 δὴ
252 999 664 1064 μεμαρτυρημένον
691 999 845 1051 αὐτοῖς
883 1002 1226 1063 προκαλεῖσθαι
1266 999 1518 1063 Φορμίωνα
1552 999 1678 1047 ἀνοί-

169 1105 268 1146 γειν
306 1081 389 1135 τὰς
431 1081 665 1145 διαθήκας,
706 1079 758 1135 ἃς
797 1081 1015 1148 παρέχειν
1050 1079 1168 1146 πρὸς
1203 1081 1286 1131 τὸν
1321 1080 1557 1144 διαιτητὴν
1592 1086 1678 1132 Τι-
1700 1101 1738 1120 20

171 1167 282 1216 σίαν
319 1166 533 1233 Ἀμφίαν
568 1165 649 1215 τὸν
690 1169 1077 1233 Κηφισοφῶντος
1119 1163 1367 1228 κηδεστήν·
1410 1164 1487 1228 ἐμὲ
1526 1166 1562 1214 δ’
1605 1166 1686 1215 οὐκ

171 1250 344 1300 ἐθέλειν
371 1249 584 1314 ἀνοίγειν·
626 1247 738 1299 εἶναι
770 1248 817 1299 δὲ
853 1246 906 1301 ἃς
942 1249 1072 1298 αὐτοὶ
1107 1247 1493 1314 μεμαρτυρήκασι
1520 1247 1681 1312 διαθή-

175 1357 272 1395 κας,
324 1331 641 1401 ἀντιγράφους
693 1335 887 1383 ἐκείνων.
951 1331 1029 1383 εἶθ’
1084 1334 1112 1396 ἡ
1164 1332 1359 1397 διαθήκη
1411 1333 1686 1399 γέγραπται.

119 1417 267 1483 ι4ἐγὼ
305 1418 458 1468 τοίνυν
496 1419 600 1482 περὶ
641 1416 723 1479 μὲν
769 1423 851 1467 τοῦ
895 1419 1242 1484 προκαλεῖσθαί
1276 1441 1332 1481 με
1371 1417 1399 1482 ἦ
1437 1416 1501 1481 μὴ
1542 1423 1688 1468 ταῦτα
1703 1434 1741 1465 25

178 1502 429 1567 Φορμίωνα
468 1500 598 1551 οὐδέν
641 1524 716 1550 πω
757 1499 896 1566 λέγω,
936 1501 1039 1552 οὐδὲ
1077 1502 1190 1568 ὑπὲρ
1228 1508 1310 1552 τοῦ
1349 1501 1432 1555 τὰς
1469 1501 1690 1565 διαθήκας

177 1587 366 1648 ἀληθεῖς
409 1583 437 1648 ἢ
477 1587 663 1652 ψευδεῖς
705 1583 831 1647 εἶναι,
875 1587 988 1635 ἀλλ’
1026 1587 1172 1652 αὐτίχ’
1217 1588 1330 1649 ὑμᾶς
1373 1588 1479 1651 περὶ
1515 1586 1692 1636 τούτων

179 1667 367 1735 διδάξω·
409 1669 519 1717 ἀλλ’
561 1665 591 1718 ἃ
627 1668 1028 1734 μεμαρτυρήκασι,
1063 1669 1128 1732 μή
1163 1670 1208 1732 μ’
1238 1668 1414 1719 ἐθέλειν
1448 1668 1502 1718 τὸ
1540 1691 1692 1734 γραμ-

180 1756 367 1816 ματεῖον
406 1752 620 1815 ἀνοίγειν.
680 1754 761 1802 ὡδὶ
803 1751 859 1815 δὴ
899 1757 1131 1803 σκοπεῖτε,
1190 1758 1272 1802 τοῦ
1316 1776 1384 1805 τις
1425 1751 1482 1802 ἂν
1526 1750 1694 1802 1’ἕνεκα

183 1836 375 1904 ἔφευγεν
411 1836 610 1901 ἀνοίγειν
645 1835 698 1885 τὸ
733 1842 1085 1902 γραμματεῖον,
1129 1837 1182 1887 ἵν’
1212 1837 1239 1900 ἡ
1275 1837 1471 1901 διαθήκη
1510 1836 1565 1900 νὴ
1600 1838 1817 1892 ΔίαΙΙΟ5

124 1919 247 1983 15μὴ
294 1918 475 1987 φανερὰ
521 1919 698 1984 γένοιτο
747 1924 841 1972 τοῖς
891 1922 1146 1974 δικασταῖς.
1207 1925 1243 1971 εἱ
1294 1921 1378 1984 μὲν
1427 1922 1581 1972 τοίνυν
1630 1920 1695 1984 μὴ

182 2003 599 2070 προσεμαρτύρουν
634 2007 692 2070 τῇ
730 2003 993 2068 προκλήσει
1024 2004 1109 2068 τὴν
1135 2004 1358 2068 διαθήκην
1383 2005 1522 2067 οὗτοι,
1549 2003 1696 2070 λόγον

183 2084 282 2154 εἶχέ
325 2091 410 2136 τιν’
455 2085 511 2137 ἂν
557 2085 610 2137 τὸ
656 2086 842 2154 φεύγειν
887 2087 964 2150 ἐμὲ
1009 2087 1210 2154 ἀνοίγειν
1259 2088 1312 2138 τὸ
1357 2093 1691 2154 γραμματεῖον·

184 2169 676 2235 προσμαρτυρούντων
711 2170 758 2220 δὲ
799 2170 976 2221 τούτων
1010 2173 1084 2221 καὶ
1118 2176 1212 2221 τῶν
1253 2175 1490 2222 δικαστῶν
1529 2172 1725 2234 ὁμοίωςὸ

185 2253 514 2315 ἀκουσομένων
552 2254 599 2303 τί
634 2251 691 2316 ἧν
728 2276 807 2315 μοι
846 2253 1002 2319 κέρδος
1037 2254 1090 2304 τὸ
1123 2253 1187 2318 μὴ
1223 2255 1432 2316 ε’θε’λειν;
1477 2253 1615 2304 ςοὺδὲ
1650 2253 1698 2304 ἓν

188 2337 352 2400 δήπου.
413 2336 524 2387 αὐτὸ
548 2336 640 2402 γὰρ
679 2338 962 2399 τούναντίον,
990 2335 1026 2387 ὦ
1057 2338 1218 2403 ἄνδρες
1255 2339 1511 2402 Ἀθηναῖοι,
1538 2336 1624 2388 κᾶν
1661 2342 1699 2387 εὶ

189 2421 331 2485 μηδὲν
371 2422 724 2486 προύκαλοῦντο
762 2421 901 2483 οὗτοι,
940 2419 1072 2489 λόγῳ
1111 2422 1148 2471 δ’
1189 2422 1394 2488 ἐχρῶντο
1429 2420 1585 2486 μόνον,
1626 2424 1701 2472 καὶ

132 2504 386 2571 ιόπαρεῖχέ
415 2527 482 2558 τις
515 2506 668 2558 αὐτοῖς
699 2510 1016 2571 γραμματεῖον
1047 2507 1108 2558 ὡς
1144 2504 1382 2569 διαθήκην,
1409 2505 1520 2568 ἐμὸν
1554 2505 1611 2569 ἦν
1647 2504 1701 2555 τὸ

191 2592 532 2654 προκαλεῖσθαι
572 2591 646 2638 καὶ
686 2587 702 2613 ‘¹
722 2590 923 2653 ἀνοίγειν
962 2589 1146 2652 ταύτην,
1175 2590 1227 2639 ἵν’
1256 2594 1292 2639 εὶ
1325 2589 1409 2652 μὲν
1444 2589 1554 2641 ἄλλ’
1584 2589 1756 2639 ἄτταῐο

192 2676 285 2721 τῶν
325 2670 414 2721 ὑπὸ
452 2670 628 2721 τούτων
669 2670 1090 2736 μεμαρτυρημένων
1134 2669 1191 2734 ἧν
1227 2672 1359 2721 τάκεῖ
1388 2670 1703 2736 γεγραμμένα,

250 2826 266 2844 Ζ
287 2823 327 2853 τὰ
342 2820 551 2866 ἀντίγραφα]
571 2820 763 2866 ἀντίγραφα
787 2821 865 2855 τάδε
888 2822 974 2855 (lixit
995 2822 1173 2855 Libanius.
1203 2820 1294 2853 ταῦτ’
1314 2820 1504 2865 ἀντίγραφα
1519 2820 1702 2853 Dobraeus.

195 2879 212 2897 ὃ
232 2873 456 2919 αἰσθάνεσθέ]
482 2874 704 2908 αἰσθάνεσθαί
724 2874 813 2912 RQ.
923 2871 942 2899 b
966 2874 1076 2920 ἕνεκα]
1105 2874 1327 2908 Scribebatur
1347 2871 1479 2907 εἵνεκεν.
1592 2877 1607 2895 C
1628 2873 1704 2905 οὐδὲ

195 2926 245 2971 ἓν]
269 2927 366 2959 οὐδέν
387 2927 426 2960 F.
539 2923 556 2950 d
577 2926 739 2972 ἀνοίγειν]
766 2927 911 2960 κελεύειν
930 2927 1076 2973 ἀνοίγειν
1095 2942 1150 2972 γρ.
1173 2926 1216 2964 Q.
