1965 3236
293 148 377 191 914
828 153 1257 193 ΔΗΜΟΣΘΕΝΟΎΣ
1318 154 1399 193 ΟΒ.
1419 153 1636 194 XXXII.
1660 167 1700 208 p.
1720 152 1816 201 880,
1835 167 1929 191 ιι-

291 261 576 325 κινδυνεύειν,
629 263 928 329 ἠναγκάσθαι
990 271 1180 316 τοιαῦτα
1241 270 1419 328 παθεῖν,
1471 265 1805 328 κεκομισμένον

288 345 394 407 μηδ’
424 346 590 409 ὁτιοῦν,
625 350 700 398 καὶ
733 353 863 400 ταῦτ’
898 349 1119 400 ἐθέλοντα
1157 354 1302 400 ποιεῖν
1342 351 1447 412 ὑμῖν
1481 350 1648 411 αὐτοῖς,
1684 348 1725 398 εἴ
1760 370 1804 398 τι

287 431 381 477 τῶν
408 428 607 480 δεόντων
633 431 890 491 ἐβούλεσθε
916 429 1195 497 πράττεινᾱς

953 607 1175 632 ...ν-
1200 619 1230 621 ἡ

993 745 1095 791 ΛΒ.

357 900 372 919 e
388 883 603 935 ΠΡΟΣ
657 884 1165 936 ΖΗΝΟΘΕΜΙΝ
1215 885 1721 937 ΠΑΡΑΓΡΑΦΗ.

919 1176 1155 1205 ΥΠΟΘΕΣΙΣ.

336 1266 582 1310 Δανεισάμενος
600 1268 691 1312 παρὰ
712 1267 883 1310 Δήμωνος,
906 1268 979 1302 ἑνὸς
998 1270 1065 1300 τῶν
1086 1266 1326 1310 Δημοσθένους
1353 1268 1540 1312 συγγενῶν,
1562 1264 1710 1310 ἕμπορός
1721 1262 1796 1313 ἓτις,

280 1333 421 1374 Πρῶτος
447 1329 562 1374 ὄνομα,
585 1331 724 1376 ἐπρίατο
751 1333 812 1365 τοῦ
837 1329 998 1376 ἀργυρίου
1022 1327 1147 1364 Ῐ”σῖτον
1173 1330 1207 1363 ἐν
1231 1329 1470 1374 Συρακούσαις,
1497 1330 1549 1363 καὶ
1575 1331 1697 1363 τοῦτον
1723 1330 1797 1363 ε’κό-

279 1407 379 1437 μισεν
409 1395 454 1429 εἷς
479 1393 621 1438 Ἀθήνας
650 1395 703 1428 ἐπὶ
733 1396 813 1429 νεὼς
842 1394 880 1437 ἧς
903 1394 1140 1440 ‘Hyia-sparos*
1168 1393 1373 1438 ἐναυκλήρει.
1420 1393 1655 1439 (Ηγέστρατος
1680 1395 1715 1428 δέ
1744 1396 1824 1429 καὶὸ

279 1458 471 1502 Ζηνόθεμις,
503 1459 587 1503 πρὸς
620 1458 658 1492 ὃν
686 1459 781 1492 ἐστιν
815 1458 833 1501 ἡ
867 1458 1086 1503 παραγραφὴ,
1118 1461 1370 1492 Μασσαλιῶται
1402 1458 1463 1501 μὲν
1496 1456 1583 1500 ἦσαν
1617 1459 1656 1491 τὸ
1685 1460 1795 1504 γένος,

280 1520 492 1567 κακούργημα
526 1522 561 1555 δὲ
595 1524 749 1556 τοιοῦτον
783 1523 817 1555 ἐν
851 1521 1081 1567 Συρακούσαις
1114 1520 1377 1567 ἐκακούργησαν,
1409 1521 1452 1556 ὡς
1482 1523 1499 1554 ὁ
1530 1521 1642 1567 ῥήτωρ
1673 1518 1887 1567 φησίν.881

279 1585 494 1619 ἐδανείσαντο
523 1585 690 1631 χρήματα,
719 1589 824 1620 ταῦτα
849 1586 885 1619 δέ
915 1586 960 1621 εἷς
988 1586 1050 1629 μὲν
1076 1587 1136 1630 τὴν
1165 1588 1245 1620 ναῦν
1273 1587 1332 1620 οὐκ
1359 1586 1521 1626 ἐνέθεντο,
1549 1587 1658 1632 λάθρᾳ
1684 1588 1720 1621 δέ
1750 1588 1796 1623 εἷς

276 1648 336 1692 τὴν
371 1649 581 1682 Μασσαλίαν
617 1649 835 1690 ἀπέστειλαν,
869 1649 1105 1695 ἀποστερῆσαι
1143 1651 1220 1685 τοὺς
1259 1651 1478 1685 δανείσαντας
1513 1650 1789 1694 βεβουλευμένοι.

275 1712 388 1755 ἐπειδὴ
414 1713 480 1757 γὰρ
506 1712 694 1758 ἐγέγραπτο
723 1713 757 1746 ἐν
784 1715 830 1759 τῷ
861 1714 1072 1760 συμβολαίῳ,
1098 1715 1127 1748 εἷ
1155 1715 1256 1748 πάθοι
1285 1729 1317 1748 τι
1344 1714 1361 1757 ἡ
1390 1717 1479 1754 ναῦς,
1506 1715 1550 1758 μὴ
1575 1714 1820 1752 ἅπαιτεῖσθαιδ

275 1776 397 1810 αὐτοὺς
429 1777 471 1809 τὰ
502 1776 669 1820 χρήματα,
705 1777 899 1821 ἐσκέψαντο
934 1778 1151 1811 ἓκαταδῦσαι
1189 1779 1249 1821 τὴν
1283 1781 1373 1812 ναῦν.
1424 1777 1552 1823 νύκτωρ
1586 1777 1646 1812 οὖν
1678 1779 1713 1812 ἐν
1745 1781 1793 1827 τῷ

275 1841 353 1886 πλῷ
381 1839 550 1873 κατελθὼν
579 1841 596 1872 ὁ
624 1838 859 1884 Ἡγέστρατος
887 1840 1039 1874 διέκοπτε
1068 1843 1129 1874 τοῦ
1159 1841 1281 1874 πλοίου
1310 1842 1348 1874 τὸ
1377 1841 1515 1881 ἔδαφος.
1558 1842 1729 1886 φωραθεὶς
1755 1842 1791 1876 δέ

277 1904 329 1937 καὶ
368 1902 505 1949 φεύγων
543 1904 622 1939 τοὺς
659 1905 822 1944 ἐπιβάτας
860 1905 906 1940 εἷς
945 1905 1005 1948 τὴν
1047 1905 1229 1939 θάλασσαν
1271 1904 1441 1939 εἰσπίπτει
1487 1906 1539 1938 καὶ
1586 1907 1791 1951 παραχρῆμα
1808 1919 1846 1940 ιο

275 1967 477 2001 ἀπόλλυται.
517 1969 534 2000 ὁ
558 1968 671 2001 τοίνυν
691 1969 883 2012 Ζηνόθεμις,
906 1969 924 2001 ὁ
948 1970 1114 2008 κοινωνὸς,
1137 1968 1181 2004 ὥς
1202 1971 1311 2014 φησιν
1334 1971 1352 2002 ὁ
1375 1969 1497 2014 ῥήτωρ,
1518 1972 1578 2003 τοῦ
1596 1969 1790 2015 Ἡγεστρά-

276 2044 347 2071 του,
382 2032 480 2074 μόλις
517 2031 687 2075 σωθείσης
723 2032 768 2067 εἷς
801 2031 943 2075 Ἀθήνας
975 2033 1033 2075 τῆς
1072 2034 1163 2073 νεὼς,
1195 2032 1406 2078 ἠμφισβήτει
1439 2035 1499 2066 τοῦ
1533 2031 1645 2073 σίτου,
1680 2035 1791 2079 λέγων

275 2092 358 2128 εἶναι
391 2096 450 2128 τὸν
484 2097 582 2129 σῖτον
610 2095 861 2141 Ἡγεστράτου,
894 2096 1018 2130 ἐκεῖνον
1049 2097 1085 2130 δέ
1117 2096 1194 2142 παρ’
1225 2099 1344 2131 ἑαυτοῦ
1377 2098 1589 2132 δεδανεῖσθαι
1617 2097 1786 2143 χρήματα.
1806 2110 1841 2141 15

274 2160 465 2193 ἐνστάντων
485 2160 520 2193 δὲ
544 2157 561 2185 h
573 2160 663 2207 αὐτῷ
686 2163 747 2194 τοῦ
770 2175 806 2194 τε
829 2162 970 2206 Πρώτου
990 2162 1043 2194 καὶ
1063 2158 1141 2195 ὶτοῦ
1162 2161 1322 2205 Δήμωνος
1340 2161 1548 2207 ἀμφοτέροις
1569 2163 1677 2205 ἔλαχε
1696 2162 1790 2205 δίκην

272 2222 465 2268 ἐμπορικήν.
505 2223 557 2256 καὶ
583 2224 642 2256 τὸν
668 2227 811 2268 Πρῶτον
836 2224 873 2268 ἐξ
896 2223 1018 2269 ἐρήμης
1042 2225 1129 2257 ἑλὼν
1152 2225 1280 2265 ἑκόντα,
1302 2223 1346 2260 ὥς
1368 2226 1457 2269 φησι
1483 2224 1713 2269 Δημοσθένης,
1738 2226 1791 2259 καὶ

272 2290 603 2333 συγκακουργοῦντα,
624 2288 755 2333 εἰσάγει
781 2290 833 2322 καὶ
861 2289 920 2322 τὸν
946 2288 1089 2332 Δήμωνα
1115 2288 1271 2333 δεύτερον
1300 2289 1347 2323 εἷς
1372 2290 1411 2322 τὸ
1438 2288 1665 2333 δικαστήριον.
1707 2289 1725 2321 ὁ
1751 2289 1787 2323 δέ

270 2353 530 2396 παραγράφεται
563 2351 608 2395 μὴ
642 2352 870 2397 εἰσαγώγιμον
904 2349 987 2385 εἶναι
1019 2353 1079 2395 τὴν
1112 2350 1216 2394 δίκην,
1252 2354 1353 2395 νόμον
1385 2354 1615 2397 παρεχόμενος
1647 2353 1706 2386 τὸν
1736 2353 1785 2386 δι·
1800 2360 1840 2381 20

270 2416 372 2448 δόντα
392 2417 462 2449 τοῖς
482 2415 640 2460 ἐμπόροις
663 2416 722 2450 τὰς
745 2416 837 2450 δίκας
861 2412 943 2449 εῖναι
969 2416 1045 2459 περὶ
1071 2420 1137 2449 τῶν
1157 2414 1317 2458 Ἀθήναζε
1338 2416 1390 2448 καὶ
1410 2418 1476 2448 τῶν
1494 2414 1676 2458 Ἀθήνηθεν
1696 2429 1783 2460 συμ-

269 2479 431 2518 βολαίων·
463 2478 658 2521 Ζηνοθέμιδι
684 2478 725 2512 δέ
748 2480 837 2523 φησι
863 2480 966 2522 μηδὲν
992 2481 1205 2523 συμβόλαιον
1230 2476 1313 2512 εἶναι
1339 2480 1424 2524 πρὸς
1449 2479 1562 2513 αὐτόν.
1604 2481 1656 2513 καὶ
1684 2481 1702 2512 ὁ
1727 2481 1789 2524 μὲν

325 2633 344 2661 d
374 2637 415 2670 In
444 2637 478 2670 S.
507 2638 742 2683 subscriptum
770 2639 854 2682 πρὸς
883 2638 1027 2683 ὀνήτορα
1056 2638 1198 2683 ἐξούλης
1227 2641 1244 2672 ὁ
1274 2639 1415 2686 ὕστερος
1442 2647 1476 2675 Β.
1510 2647 1677 2676 ΗΔΔΔΔ.
1728 2643 1784 2677 Sic

270 2690 375 2723 etiam
397 2690 450 2730 B„
471 2690 537 2723 nisi
559 2691 652 2735 quod
677 2692 758 2723 κατὰ
781 2690 941 2736 ὀνήτορος
966 2693 984 2724 ὁ
1011 2689 1166 2737 ὕστερος.
1214 2693 1321 2727 Porro
1348 2694 1383 2727 in
1406 2695 1440 2728 S.
1462 2695 1619 2728 additum
1640 2695 1700 2731 ἕως
1719 2692 1783 2730 ὦδε

270 2748 308 2819 ἓ,
330 2743 372 2776 de
393 2755 462 2788 quo
483 2743 633 2776 diximus
653 2743 688 2776 in
708 2743 923 2788 praefatione.
1018 2750 1033 2768 θ
1055 2746 1147 2790 Πρὸς
1165 2751 1200 2779 Ζ.
1221 2760 1258 2779 π.
1280 2747 1313 2780 S
1348 2747 1546 2793 Legebatur
1568 2749 1782 2794 Παραγραφὴ

267 2829 351 2872 πρὸς
372 2834 406 2862 Ζ.
450 2829 587 2863 Titulus
614 2835 822 2873 argumento
846 2830 1008 2874 praefixus
1029 2830 1063 2863 in
1086 2831 1126 2865 B.
1149 2833 1234 2875 πρὸς
1255 2833 1428 2876 ζηνόθεμιν
1447 2835 1655 2879 παραγραφὴ
1676 2834 1780 2877 ἐμπο-

265 2881 351 2923 ρική.
440 2879 455 2905 f
472 2881 587 2927 σῖτον]
612 2882 659 2916 εἰς
677 2882 736 2915 τὸν
758 2882 795 2916 F.
885 2889 904 2917 g
925 2883 1109 2916 καταδῦσαι
1131 2884 1304 2918 Reiskius.
1335 2888 1525 2919 καταλῦσαι
1546 2887 1662 2932 vulgo.
1698 2887 1778 2920 Vid.

267 2945 300 2978 p.
318 2931 405 2979 883,
425 2944 485 2981 29.
602 2932 620 2959 h
641 2935 731 2981 αὐτῷ
752 2935 924 2970 Reiskius.
958 2936 1066 2969 αὐτῶν
1086 2937 1202 2982 vulgo.
1324 2936 1332 2962 i
1352 2941 1412 2972 τοῦ
1434 2951 1501 2972 om.
1526 2940 1563 2974 F.
