1965 3236
866 483 969 554 KZ.

350 635 572 687 ΚΑΤΑ
629 635 946 687 ΑΦΟΒΟΤ
994 636 1496 688 ΕΠΙΤΡΟΠΗΣ.

796 938 1032 966 ΥΠΟΘΕΣΙΣ.

160 1028 193 1038 ’
215 1030 435 1074 Δημοσθένης
466 1032 484 1063 ὁ
514 1029 703 1067 Παιανιεὺς,
734 1028 971 1072 Δημοσθένους
1003 1030 1063 1061 τοῦ
1094 1027 1237 1072 ῥήτορος
1269 1028 1391 1071 πατὴρ,
1418 1029 1584 1061 τελευτῶν
1617 1028 1671 1061 ἐπὶ

162 1094 224 1129 δύο
257 1095 368 1137 παισὶ,
399 1096 446 1140 τῷ
483 1109 520 1127 τε
551 1093 841 1140 Δημοσθένειχαὶ
880 1092 1033 1138 θυγατρὶ,
1066 1093 1269 1137 ἐπιτρόπους
1306 1092 1487 1135 καθίστησι
1521 1093 1574 1125 καὶ
1604 1088 1700 1126 τῶν5

162 1158 291 1192 παίδων
319 1159 371 1192 καὶ
399 1161 466 1191 τῶν
494 1158 676 1202 χρημάτων
702 1158 801 1201 τρεῖς,
834 1155 893 1190 δύο
918 1157 979 1199 μὲν
1007 1158 1194 1201 συγγενεῖς,
1216 1155 1378 1201 ’Ἄφοβόν
1408 1171 1444 1189 τε
1478 1156 1531 1189 καὶ
1557 1162 1670 1199 Δημο-

161 1225 294 1269 φῶντα,
316 1222 372 1256 ἕνα
398 1222 434 1256 δέ
459 1220 568 1266 φίλον
593 1221 629 1254 ἐκ
657 1221 796 1261 παίδων,
817 1219 1042 1265 Θηριππίδην.
1088 1221 1140 1253 καὶ
1161 1218 1353 1265 Θηριππίδῃ
1373 1221 1434 1264 μὲν
1454 1220 1593 1254 δίδωσιν
1612 1221 1668 1261 ἑβ-

163 1287 351 1332 δομήκοντα
378 1287 590 1332 καρποῦσθαι
615 1287 710 1329 μνᾶς,
737 1285 835 1329 ἶίχρις
860 1284 900 1318 ἂν
926 1286 1144 1328 Δημοσθένης
1174 1286 1220 1320 εἷς
1248 1285 1369 1328 ἄνδρας
1400 1285 1569 1330 ἐγγραφῇ·
1603 1290 1670 1328 Δη-
1690 1287 1725 1307 ¹¹3

161 1353 318 1396 μοφῶντι
347 1351 382 1384 δέ
413 1351 518 1396 ἐγγυᾷ
543 1350 603 1388 τὴν
632 1349 810 1395 θυγατέρα,
835 1349 1032 1394 προστάξας
1065 1349 1166 1382 αὐτὸν
1193 1350 1314 1393 προῖκα
1343 1349 1403 1382 δύο
1434 1349 1583 1382 τάλαντα
1608 1351 1669 1382 λα·
1686 1343 1766 1382 812

160 1417 248 1455 βεῖν·
279 1414 422 1461 Ἀφόβῳ
448 1415 483 1448 δὲ
510 1414 570 1458 τὴν
590 1415 708 1447 ἑαυτοῦ
734 1414 794 1456 μέν
819 1415 969 1458 γυναῖκα,
990 1416 1057 1447 τῶν
1080 1413 1114 1447 δέ
1138 1411 1266 1446 παίδων
1291 1414 1429 1458 μητέρα,
1452 1411 1673 1456 Κλεοβούλην

161 1480 224 1523 τὴν
253 1478 419 1519 Γύλωνος,
447 1478 535 1522 ἀξιοῖ
567 1477 741 1524 γήμασθαι
767 1479 849 1521 μνᾶς
877 1478 1012 1512 ἐπιδοὺς
1038 1476 1254 1523 ὀγδοήκοντα,
1286 1478 1338 1511 καὶ
1367 1478 1517 1522 χρῆσθαι
1544 1476 1673 1511 κελεύει

161 1545 203 1586 τῇ
225 1557 262 1576 τε
289 1541 375 1586 οἰκίᾳ
401 1544 452 1576 καὶ
479 1544 550 1577 τοῖς
579 1542 614 1575 ἐν
639 1542 720 1583 αὐτῇ
745 1540 885 1575 σκεύεσι
913 1542 1013 1586 μέχρι
1037 1543 1096 1584 τῆς
1124 1541 1362 1584 Δημοσθένους
1389 1542 1434 1576 εἷς
1463 1541 1585 1586 ἄνδρας
1615 1541 1702 1586 ε’γ-5

163 1608 313 1653 γραφῆς.
351 1605 446 1639 οὗτοι
474 1606 515 1639 τὰ
543 1606 603 1649 μὲν
629 1605 769 1638 δοθέντα
797 1603 952 1649 χρήματα
978 1605 1092 1638 αὐτοῖς
1122 1604 1219 1638 εὐθὺς
1248 1604 1478 1647 λαμβάνουσι,
1507 1605 1608 1648 γαμεῖ
1636 1604 1673 1637 δέ

163 1675 242 1706 οὔτε
266 1671 424 1716 ’Ἄφοβος
453 1670 514 1713 τὴν
543 1671 682 1715 γυναῖκα
709 1671 769 1702 τοῦ
795 1669 1061 1711 τελευτήσαντος
1092 1670 1169 1701 οὔτε
1200 1669 1372 1712 Δημοφῶν
1402 1668 1462 1710 τὴν
1491 1667 1670 1713 θυγατέρα.

163 1736 431 1782 διαχειρίσαντες
456 1735 492 1768 δὲ
517 1735 578 1777 τὴν
605 1733 726 1767 οὐσίαν
753 1733 922 1777 τεττάρων
947 1733 999 1765 καὶ
1028 1730 1105 1765 δέκα
1133 1733 1320 1773 ταλάντων,
1347 1732 1390 1766 ὡς
1419 1733 1436 1763 ὁ
1461 1731 1572 1777 ῥήτωρ
1598 1732 1669 1765 ε’πι-
1688 1738 1726 1759 10

162 1801 343 1841 δείκνυσιν,
379 1799 578 1843 ὀφείλοντες
611 1797 788 1843 τριάκοντα
817 1797 967 1830 τάλαντα
997 1796 1127 1829 ἐκτῖσαι
1158 1795 1354 1840 ἐπικαρπίας
1388 1796 1439 1830 καὶ
1476 1796 1671 1836 ἀποδοῦναι,

162 1866 263 1911 μικρὰ
287 1865 460 1898 παντελῶς
488 1861 682 1908 παρέδωκαν
714 1861 760 1896 εἷς
784 1860 907 1906 ἄνδρας
936 1859 1140 1905 ἐγγραφέντι
1170 1862 1218 1906 τῷ
1249 1860 1468 1903 Δημοσθένει.
1507 1860 1559 1893 διὸ
1587 1860 1672 1905 πρὸς

163 1931 223 1963 τὸν
243 1929 402 1973 ’Ἄφοβον
432 1926 654 1969 εἰσελήλυθεν
680 1925 862 1970 ἐπιτροπῆς
894 1925 972 1958 δέκα
996 1924 1168 1957 ταλάντων
1193 1924 1254 1967 τὴν
1282 1925 1374 1967 δίκην
1402 1925 1528 1968 λαχὼν,
1558 1924 1671 1966 ἐπειδὴ
1688 1929 1722 1959 ¹5

162 1993 277 2039 τρίτος
307 1993 352 2026 ὢν
381 1992 561 2036 ἐπίτροπος
591 1991 630 2024 τὸ
658 1990 773 2035 τρίτον
803 1988 937 2034 ὀφείλει
971 1991 1037 2021 τῶν
1067 1989 1258 2032 χρημάτων·
1291 1987 1312 2020 ἂ
1338 1988 1390 2020 καὶ
1420 1988 1621 2031 συντίθησιν
1653 1989 1671 2020 ὁ

163 2055 275 2102 ῥήτωρ
294 2056 329 2088 ἕκ
348 2069 385 2088 τε
404 2058 470 2088 τῶν
489 2053 638 2099 ἀρχαίων
663 2053 715 2086 καὶ
740 2053 800 2095 τῆς
824 2049 1182 2096 ἐπικαρπίας.--Κατ(“ι
1200 2050 1356 2095 Ἀφόβου
1377 2057 1395 2076 a
1409 2057 1445 2085 13.
1474 2052 1559 2096 πρός
1583 2066 1674 2086 τινας

164 2118 377 2164 ἀντιρρήσεις
395 2116 604 2163 ὶἹλεγομένας
633 2117 697 2149 ὑπὸ
722 2117 783 2149 τοῦ
801 2114 959 2159 Ἀφόβου
988 2113 1087 2149 οὗτος
1112 2116 1130 2148 ὁ
1155 2116 1256 2160 λόγος
1282 2115 1520 2160 ἐπηγώνισται,
1541 2116 1611 2159 ἕχει
1637 2116 1672 2148 δέ
1689 2118 1727 2139 ²0

166 2185 218 2218 καὶ
237 2187 304 2218 τῶν
322 2182 570 2228 προειρημένων
589 2181 829 2223 ἐπανάμνησιν.

166 2277 259 2352 ΕΙ
308 2297 393 2362 μὲν
431 2296 651 2358 ἐβούλετο
677 2295 913 2362 ’'Aqmssos,
955 2293 991 2344 ὠ
1030 2296 1192 2360 ἄνδρες
1229 2297 1459 2357 δικασταὶ,
1499 2294 1558 2344 τὰ
1599 2296 1667 2345 δί-
1688 2305 1766 2359 813

167 2406 274 2433 καια
313 2386 458 2432 ποιεῖν
492 2379 521 2444 ἢ
557 2381 662 2445 περὶ
696 2377 759 2429 ὡν
795 2377 1108 2446 διαφερόμεθα
1145 2383 1240 2431 τοῖς
1276 2380 1452 2431 οἰκείοις
1490 2377 1667 2443 ἐπιτρέ-

165 2487 282 2527 πειν,
333 2463 464 2515 οὐδεν
516 2462 572 2514 ἂν
623 2462 709 2513 ἔδει
759 2465 897 2513 δικῶν
948 2461 1050 2512 οὐδὲ
1108 2461 1414 2527 πραγμάτων
1470 2461 1674 2527 (ἀπέχρη

166 2548 259 2614 γὰρ
291 2547 347 2599 ἂν
377 2553 472 2601 τοῖς
512 2549 587 2597 ὑπ’
615 2547 796 2597 ἐκείνων
822 2550 1109 2609 γνωσθεῖσιν
1134 2545 1353 2609 ἐμμένειν,
1379 2543 1503 2594 ὥστε
1527 2547 1670 2608 μηδε-
1687 2563 1703 2594 5

166 2634 276 2696 μίαν
313 2633 422 2695 ἡμῖν
457 2629 570 2681 εἶναι
607 2629 725 2695 πρὸς
764 2627 953 2679 (Ῑτοῦτον
989 2629 1232 2697 διαφοράν.
1288 2627 1441 2691 ἐπειδὴ
1478 2629 1514 2677 δ’
1543 2627 1675 2680 οὗτος

224 2788 243 2807 ἃ
276 2788 312 2815 Β.
344 2782 475 2815 addidit
508 2782 701 2815 Bekkerus.
764 2781 891 2826 Incipit
923 2781 1015 2814 enim
1047 2780 1214 2814 orationis
1245 2779 1386 2812 alterius
1417 2784 1676 2823 argumentum.

171 2835 277 2874 Quod
292 2835 364 2879 jam
384 2835 532 2868 VVolfius
553 2835 854 2868 animadverterat.
995 2829 1014 2857 b
1034 2832 1218 2878 λεγομένας
1240 2833 1433 2866 Bekkerus.
1481 2831 1679 2875 Legebamu-

169 2888 345 2933 ἀγομένας.
375 2887 596 2933 εἰσαγομένας
618 2886 824 2921 SchaeferuS.
935 2892 950 2910 ⁰
970 2886 1117 2932 ἀπέχρη]
1142 2885 1292 2931 ἀπέχρην
1312 2886 1386 2919 Am.
1497 2880 1516 2907 d
1538 2882 1674 2927 τοῦτον]

168 2941 303 2974 τουτονὶ
324 2941 361 2974 F.

230 3017 327 3043 VOL.
351 3016 419 3041 111.
938 3014 958 3038 B

122 3038 167 3067 κ-
