1965 3236
269 151 380 193 1072
793 154 1258 209 [ΔΗΜΟΣΘΕΝΟΎΣ]
1347 156 1430 196 On.
1451 156 1609 197 XLII.
1634 170 1673 210 p.
1698 167 1818 207 1042.
1837 172 1911 194 1—

208 282 254 322 15
270 265 410 315 στεόν
435 267 578 318 ἐστίν.
629 266 812 330 ὀμόσας
838 267 961 334 “γάρ
988 271 1044 335 τῇ
1077 269 1296 337 ἑνδεκάτῃ
1326 275 1409 320 τοῦ
1438 271 1786 336 βοηδρομιῶνος
1805 290 1910 329 1042

269 348 415 412 μηνὸς
449 351 755 418 Οάποφαίνειν
793 352 943 417 ὀρθῶς
982 354 1056 402 καὶ
1096 354 1279 406 δικαίως
1317 353 1434 418 ρτὴν
1469 355 1647 415 οὐσίαν,
1675 359 1788 404 Ἷτοῦ

271 431 415 496 νόμου
442 433 694 500 διαρρήδην
725 435 948 499 λέγοντος
982 439 1123 500 τριῶν
1148 436 1332 503 ἡμερῶν
1358 437 1440 506 ἀφ’
1469 437 1522 501 ἧς
1549 435 1605 487 ἂν
1631 435 1786 504 ὀμόσῃ

270 518 444 569 διδόναι
478 518 563 583 τὴν
597 519 857 587 ἀπόφασιν,
884 519 1025 570 ἐδεῖτό
1059 543 1150 583 μου
1182 520 1468 587 προσελθὼν
1493 522 1591 572 Γέπὶ
1617 525 1683 589 τῷ
1709 522 1781 570 δι-
1797 539 1813 568 5

268 604 509 672 καστηρίῳ
552 602 670 666 μετὰ
710 603 1012 654 Πολυεύκτου
1054 610 1137 655 τοῦ
1179 607 1427 672 ΒΚριωέως
1471 608 1547 656 καὶ
1590 605 1605 632 t

1619 606 1786 671 ἑτέρων

268 691 420 749 τινῶν,
435 692 624 753 πρῶτον
643 687 727 750 μὲν
745 690 850 753 περὶ
871 689 1133 744 διαλύσεως
1148 694 1426 741 ιισυνελθεῖν
1441 692 1604 759 Χαὺτῷ·
1630 689 1786 740 πάντα

266 771 359 836 γάρ
397 794 475 834 μοι
518 771 576 822 τὰ
616 773 768 823 δίκαια
811 772 1039 837 ποιήσειν·
1092 774 1247 825 ἔπειτα
1294 773 1380 838 τὴν
1417 773 1664 843 ἀπόφασιν
1703 777 1786 838 τῆς

267 855 429 908 οὐσίας
464 856 794 916 ἀναβαλέσθαι
832 855 897 920 μὴ
931 857 1120 911 πολλὰς
1153 859 1340 924 ἡμέρας·
1385 859 1438 908 οὐ
1472 857 1566 924 γὰρ
1600 860 1784 923 ἀγνοεῖν

205 951 356 1003 16μου
393 939 452 991 τά
490 939 764 1006 πράγματα.
825 940 1125 1006 ἡγησάμενος
1161 945 1202 992 δ’
1237 942 1330 1007 ἐγὼ
1370 944 1445 992 καὶ
1482 943 1668 1007 μετρίου
1706 944 1781 993 καὶ
1799 967 1837 988 10

265 1023 569 1090 ἀπράγμονος
607 1023 720 1076 εἶναι
757 1025 955 1076 πολίτου
993 1025 1057 1089 μὴ
1094 1025 1227 1079 εὐθὺς
1264 1028 1337 1076 ἐπὶ
1377 1025 1591 1091 κεφαλὴν
1630 1029 1692 1080 εἷς
1729 1025 1783 1076 τὸ

265 1108 566 1175 δικαστήριον
596 1107 811 1174 βαδίζειν,
838 1110 1061 1173 ἐπείσθην
1090 1111 1159 1174 (τί
1190 1109 1280 1176 γὰρ
1308 1113 1378 1161 δεῖ
1407 1114 1722 1176 μακρολογεῖν
1743 1117 1782 1178 ;)

264 1191 350 1257 τὴν
374 1193 459 1257 μὲν
477 1193 680 1244 σύνοδον
701 1193 787 1257 τὴν
810 1197 915 1260 περὶ
943 1199 1035 1245 τῶν
1056 1194 1320 1246 διαλύσεων
1339 1199 1397 1262 τῇ
1424 1195 1569 1263 ὀγδόῃ
1592 1197 1784 1264 φθίνον-

263 1300 343 1332 τος
368 1283 451 1328 τοῦ
476 1281 824 1343 βοηδρομιῶνος
850 1276 995 1342 μηνὸς
1018 1280 1344 1344 Ῡὸμολογῆσαι
1368 1278 1676 1343 ποιήσασθαι,
1696 1279 1783 1344 τὴν
1802 1304 1833 1334 ¹5

202 1378 248 1417 17
265 1362 302 1412 δ’
344 1360 592 1429 ἀπόφασιν
630 1364 711 1424 τῆς
753 1361 915 1413 οὐσίας
959 1364 1016 1428 τῇ
1062 1361 1169 1429 ἕκτῃ
1209 1362 1473 1429 φθίνοντος.
1541 1360 1696 1428 τυχῶν
1734 1359 1783 1411 δὲ

264 1446 443 1497 τούτων
478 1445 789 1513 Ζἀμφοτέρων
825 1446 933 1511 παρ’
962 1447 1075 1509 ἐμοῦ
1108 1445 1371 1499 Φαίνιππος
1404 1446 1500 1495 οὐδ’
1529 1448 1589 1498 εἷς
1624 1444 1783 1511 ἑτέραν

263 1535 357 1581 τῶν
394 1530 579 1596 ἡμερῶν
616 1528 900 1593 ἀπήντησεν·
944 1531 1053 1580 ἀλλ’
1090 1530 1190 1580 ἀνθ’
1224 1528 1324 1582 ἑνὸς
1363 1528 1445 1579 δύο
1484 1527 1652 1591 νόμους
1686 1529 1782 1593 ἥκει

263 1614 380 1681 πρὸς
425 1615 542 1678 ὑμᾶς
586 1613 946 1680 παραβεβηκῶς,
986 1614 1067 1664 ἕνα
1109 1613 1193 1676 μὲν
1231 1613 1313 1664 τὸν
1352 1612 1604 1664 κελεύοντα
1639 1617 1781 1679 τριῶν
1795 1638 1835 1659 20

263 1700 447 1764 ἡμερῶν
473 1699 555 1766 ἀφ’
583 1698 638 1762 ἧς
665 1697 723 1748 ἀν
749 1698 906 1766 ὀμόσῃ
932 1699 1017 1762 τὴν
1043 1699 1210 1748 οὐσίαν
1235 1699 1524 1765 ἀποφαίνειν,
1553 1697 1708 1763 ἕτερον
1734 1697 1782 1748 δὲ

262 1782 344 1833 τὸν
377 1783 627 1832 κελεύοντα
663 1783 854 1848 εικυρίας
894 1779 1007 1832 εἶναι
1045 1780 1128 1835 τὰς
1166 1780 1284 1847 πρὸς
1319 1780 1563 1845 ἀλλήλους
1601 1782 1779 1844 ὁμολο-

199 1876 247 1916 18
263 1866 380 1931 ylla&
408 1864 491 1919 υᾶς
525 1873 541 1892 e
553 1864 610 1915 ἂν
644 1866 851 1916 ἐναντίον
883 1863 902 1890 d
913 1864 1205 1929 ποιήσωνται
1241 1865 1502 1931 μαρτύρων.
1556 1864 1718 1927 KaL'Tot,
1746 1888 1783 1915 ω

1763 1862 1782 1883 ‘3

261 1951 423 2015 ἄνδρες
458 1952 689 2011 δικασταὶ,
723 1950 791 2002 τίς
827 1951 909 1999 οὐκ
945 1947 1066 1999 οἶδεν
1103 1950 1230 2012 ὑμῶν
1266 1947 1337 1999 ὅτι
1375 1949 1543 2011 ὁμοίως
1577 1948 1610 2011 ἥ
1644 1970 1695 1998 τε
1733 1950 1781 1998 ἐν

261 2039 328 2103 τῷ
361 2034 488 2102 νόμῳ
520 2033 820 2099 γεγραμμένη
853 2035 1011 2098 Εκυρία
1045 2034 1175 2083 ε’στῖν
1207 2032 1355 2099 ἡμέρα
1390 2034 1464 2082 καὶ
1499 2033 1527 2096 ἡ
1564 2031 1654 2082 ὑπὸ
1686 2036 1779 2082 τῶν
1794 2059 1829 2088 25

1288 2116 1300 2132 Χ
1372 2116 1385 2143 f
1406 2117 1428 2133 J!

262 2118 506 2169 ἀντιδίκων
532 2121 932 2184 συγχωρηθεῖσα;
976 2117 1211 2170 πολλάκις
1242 2139 1336 2183 γαρ
1399 2140 1446 2167 εν
1481 2139 1529 2166 τε
1564 2121 1659 2170 τοῖς
1695 2116 1772 2167 νό-

260 2226 363 2266 μοις
399 2201 724 2268 γεγραμμένης
762 2203 1044 2267 τριακοστῆς
1084 2200 1254 2267 ἡμέρας
1293 2200 1451 2266 ἑτέραν
1487 2200 1596 2263 ἡμῖν
1623 2201 1777 2253 αὐτοῖς

261 2284 661 2353 συγχωρήσαντες
702 2286 908 2347 ἐθέμεθα,
948 2292 968 2319 g
977 2285 1107 2350 παρά
1144 2308 1193 2334 τε
1229 2290 1328 2338 ταῖς
1363 2287 1528 2351 ἀρχαῖς
1570 2284 1779 2338 ἀπάσαις

260 2372 336 2421 καὶ
373 2369 529 2422 Ιιδίκας
568 2371 641 2419 καὶ
685 2371 861 2434 κρίσεις
906 2368 1262 2429 ἀναβάλλονται
1304 2374 1398 2421 τοῖς
1443 2368 1688 2421 ἀντιδίκοις
1735 2372 1899 2430 021043

315 2501 333 2519 ¹¹
359 2496 423 2540 γὰρ
445 2508 513 2529 Oln.
537 2498 571 2529 S.
712 2502 729 2519 0
750 2494 968 2539 ἀποφαίνειν]
993 2494 1182 2538 ἀποφανεῖν
1205 2494 1376 2527 Reiskius.
1518 2499 1536 2526 P
1557 2494 1617 2536 τὴν
1636 2492 1774 2538 οὐσίαν]

258 2547 395 2582 ἅπασαν
414 2548 474 2591 τὴν
494 2548 614 2581 οὐσίαν
634 2550 709 2583 As.
790 2554 808 2580 <1
829 2547 906 2592 τοῦ]
932 2548 983 2580 καὶ
1003 2549 1064 2580 τοῦ
1084 2546 1195 2580 A.S.1·.
1273 2552 1286 2569 ¹⁴
1307 2546 1360 2579 ἐπὶ
1381 2548 1427 2593 τῷ
1448 2546 1653 2593 δικαστηρίῳ
1675 2546 1709 2580 S.
1743 2545 1777 2578 ἐν

259 2603 306 2648 τῷ
325 2601 530 2648 δικαστηρίῳ
550 2602 621 2634 Α.1“.
655 2602 721 2645 πρὸ
741 2603 801 2634 τοῦ
822 2600 1040 2645 δικαστηρίου
1060 2599 1146 2638 ἙΗΟ
1293 2606 1306 2624 5
1327 2598 1498 2644 Κριωέως]
1521 2613 1662 2643 κρισεως
1684 2599 1719 2633 S.
1742 2605 1777 2633 et

258 2669 314 2700 γρ.
335 2653 381 2692 Q.
417 2654 587 2698 κριωσέως
606 2655 677 2687 Α.]·.
800 2652 813 2677 t
833 2653 954 2697 ἑτέρων
972 2651 1089 2697 τινῶν]
1113 2653 1302 2697 τερεντίνου
1324 2652 1412 2690 RQ.
1534 2657 1555 2676 ¹¹
1576 2651 1772 2697 συνελθεῖν]

259 2707 434 2741 συνελθων
455 2706 491 2740 S.
586 2712 604 2731 X
625 2705 731 2752 αὐτῷ]
757 2720 845 2739 αυτω
867 2706 901 2739 S.
934 2707 1039 2752 ἑαυτῷ
1056 2706 1174 2751 vulgo,
1271 2712 1287 2738 5
1308 2706 1522 2750 ὁμολογῆσαι
1542 2704 1770 2750 ποιήσασθαι]

258 2759 544 2805 ὁμολογήσασθαι
565 2760 601 2793 S.
687 2765 703 2783 Ζ
724 2759 926 2804 ἀμφοτέρων
946 2770 1014 2792 om.
1036 2759 1123 2797 RQ.
1223 2764 1241 2783 a
1261 2757 1391 2803 κυρίας]
1416 2757 1548 2802 κυρίους
1570 2758 1609 2791 F.
1697 2754 1716 2782 b
1737 2757 1776 2792 ἃς

258 2826 330 2849 om.
353 2813 390 2847 S.
481 2818 496 2837 C
517 2811 556 2846 ἂν
575 2825 644 2846 orn.
667 2812 753 2851 FUQ
842 2809 860 2836 d
881 2811 1086 2854 ποιήσωνται
1106 2811 1285 2857 μαρτύρων
1307 2812 1341 2845 S.
1378 2812 1577 2857 Legebatur
1596 2810 1774 2856 μαρτύρων

257 2866 476 2910 ποιήσωνται.
508 2866 686 2910 μαρτύρων
705 2865 904 2908 ποιήσονται
929 2865 1015 2903 F.Q.
1138 2871 1153 2889 e
1174 2866 1269 2909 κυρία
1290 2865 1385 2898 ἐστὶν
1405 2864 1526 2910 ἡμέρα]
1553 2864 1647 2908 κυρία
1667 2864 1772 2908 ἡμέρα

258 2920 333 2953 ἐστὶ
354 2920 425 2953 Am.
463 2919 566 2963 ἡμέρα
587 2918 681 2963 κυρία
701 2919 775 2952 ἐστὶ
798 2918 884 2956 RQ.
1076 2915 1089 2941 f
1108 2918 1141 2951 ἕν
1161 2917 1215 2963 τε]
1242 2919 1330 2962 παρά
1349 2932 1384 2951 τε
1405 2917 1541 2955 A.F.Q.
1575 2918 1665 2961 παρά
1685 2931 1723 2961 γε
1744 2929 1771 2950 l'.

257 2979 277 3005 *ἑ
297 2974 385 3014 παρά
406 2971 458 3017 τε]
483 2974 571 3017 παρὰ
594 2972 683 3010 F.Q.
797 2969 814 2994 ¹¹
838 2972 927 3005 δίκας
948 2973 999 3003 καὶ
1019 2971 1162 3016 κρίσεις]
1189 2971 1291 3005 δίκαις
1313 2972 1363 3003 καὶ
1385 2971 1493 3015 κρίσει
1515 2970 1601 3008 ΡΗΟ,
