<?xml version="1.0" encoding="UTF-8"?>
<!DOCTYPE html PUBLIC "-//W3C//DTD XHTML 1.0 Transitional//EN"
    "http://www.w3.org/TR/xhtml1/DTD/xhtml1-transitional.dtd">
<html xmlns="http://www.w3.org/1999/xhtml" xml:lang="en" lang="en">
 <head>
  <title>
</title>
<meta http-equiv="Content-Type" content="text/html;charset=utf-8" />
  <meta name='ocr-system' content='tesseract 3.04.00' />
  <meta name='ocr-capabilities' content='ocr_page ocr_carea ocr_par ocr_line ocrx_word'/>
</head>
<body>
  <div class='ocr_page' id='page_1' title='image "./operaexrecension03demouoft_0311.png"; bbox 0 0 1965 3236; ppageno 0'>
   <div class='ocr_carea' id='block_1_1' title="bbox 128 151 1765 201">
    <p class='ocr_par' dir='ltr' id='par_1_1' title="bbox 128 151 1765 201">
     <span class='ocr_line' id='line_1_1' title="bbox 128 151 1765 201; baseline 0.002 -15"><span class='ocrx_word' id='word_1_1' title='bbox 128 157 310 201; x_wconf 81' lang='lat'>—1125‚</span> <span class='ocrx_word' id='word_1_2' title='bbox 334 164 382 187; x_wconf 83' lang='lat'>10.</span> <span class='ocrx_word' id='word_1_3' title='bbox 734 153 874 190; x_wconf 87' lang='grc' dir='ltr'>ΚΑΤΑ</span> <span class='ocrx_word' id='word_1_4' title='bbox 907 153 1203 190; x_wconf 73' lang='grc' dir='ltr'>ΣΤΕΦΑΝΟΎ</span> <span class='ocrx_word' id='word_1_5' title='bbox 1234 155 1281 189; x_wconf 89' lang='grc' dir='ltr'>Α.</span> <span class='ocrx_word' id='word_1_6' title='bbox 1659 151 1765 189; x_wconf 85' lang='grc'><strong>1151</strong></span> 
     </span>
    </p>
   </div>
   <div class='ocr_carea' id='block_1_2' title="bbox 179 261 1887 2660">
    <p class='ocr_par' dir='ltr' id='par_1_2' title="bbox 179 261 1887 2660">
     <span class='ocr_line' id='line_1_2' title="bbox 254 261 1765 331; baseline 0.001 -21"><span class='ocrx_word' id='word_1_7' title='bbox 254 268 280 290; x_wconf 77' lang='lat'>‘⁶</span> <span class='ocrx_word' id='word_1_8' title='bbox 301 261 546 329; x_wconf 87' lang='grc' dir='ltr'>Ἀρχίππῃ</span> <span class='ocrx_word' id='word_1_9' title='bbox 584 262 747 325; x_wconf 88' lang='grc' dir='ltr'>δίδωμι</span> <span class='ocrx_word' id='word_1_10' title='bbox 770 263 836 331; x_wconf 87' lang='grc'>;”)</span> <span class='ocrx_word' id='word_1_11' title='bbox 878 261 961 315; x_wconf 81' lang='grc' dir='ltr'>τὰς</span> <span class='ocrx_word' id='word_1_12' title='bbox 999 265 1040 312; x_wconf 82' lang='grc' dir='ltr'>δ’</span> <span class='ocrx_word' id='word_1_13' title='bbox 1080 263 1302 328; x_wconf 82' lang='grc' dir='ltr'>ἡμετέρας</span> <span class='ocrx_word' id='word_1_14' title='bbox 1348 263 1604 327; x_wconf 75' lang='grc' dir='ltr'>θυγατέρας</span> <span class='ocrx_word' id='word_1_15' title='bbox 1645 270 1765 325; x_wconf 87' lang='grc' dir='ltr'>μελ-</span> 
     </span>
     <span class='ocr_line' id='line_1_3' title="bbox 253 343 1761 414; baseline 0.002 -21"><span class='ocrx_word' id='word_1_16' title='bbox 253 343 434 397; x_wconf 88' lang='grc' dir='ltr'>λούσας</span> <span class='ocrx_word' id='word_1_17' title='bbox 469 347 526 394; x_wconf 88' lang='grc' dir='ltr'>δι’</span> <span class='ocrx_word' id='word_1_18' title='bbox 563 345 738 396; x_wconf 75' lang='grc' dir='ltr'>ἔνδειαν</span> <span class='ocrx_word' id='word_1_19' title='bbox 780 344 1053 398; x_wconf 74' lang='grc' dir='ltr'>ἀνεκδότους</span> <span class='ocrx_word' id='word_1_20' title='bbox 1088 345 1219 395; x_wconf 74' lang='grc' dir='ltr'>ἔνδον</span> <span class='ocrx_word' id='word_1_21' title='bbox 1256 345 1513 410; x_wconf 82' lang='grc' dir='ltr'>γηράσκειν</span> <span class='ocrx_word' id='word_1_22' title='bbox 1552 351 1761 414; x_wconf 76' lang='grc' dir='ltr'>περιορᾷ.</span> 
     </span>
     <span class='ocr_line' id='line_1_4' title="bbox 186 427 1764 494; baseline 0.001 -18"><span class='ocrx_word' id='word_1_23' title='bbox 186 450 238 491; x_wconf 89' lang='lat'>92</span> <span class='ocrx_word' id='word_1_24' title='bbox 253 429 326 477; x_wconf 78' lang='grc' dir='ltr'>καὶ</span> <span class='ocrx_word' id='word_1_25' title='bbox 354 431 391 477; x_wconf 76' lang='grc' dir='ltr'>εἰ</span> <span class='ocrx_word' id='word_1_26' title='bbox 425 427 511 491; x_wconf 78' lang='grc' dir='ltr'>μὲν</span> <span class='ocrx_word' id='word_1_27' title='bbox 545 429 686 492; x_wconf 83' lang='grc' dir='ltr'>πένης</span> <span class='ocrx_word' id='word_1_28' title='bbox 725 429 857 481; x_wconf 72' lang='grc' dir='ltr'>οὗτος</span> <span class='ocrx_word' id='word_1_29' title='bbox 896 427 965 492; x_wconf 80' lang='grc' dir='ltr'>ἧν,</span> <span class='ocrx_word' id='word_1_30' title='bbox 992 429 1120 491; x_wconf 78' lang='grc' dir='ltr'>ἡμεῖς</span> <span class='ocrx_word' id='word_1_31' title='bbox 1156 431 1196 478; x_wconf 80' lang='grc' dir='ltr'>δ’</span> <span class='ocrx_word' id='word_1_32' title='bbox 1226 429 1525 493; x_wconf 78' lang='grc' dir='ltr'>εὐποροῦντες</span> <span class='ocrx_word' id='word_1_33' title='bbox 1564 428 1764 494; x_wconf 84' lang='grc' dir='ltr'>ἐτυγχά-</span> 
     </span>
     <span class='ocr_line' id='line_1_5' title="bbox 252 511 1821 577; baseline 0.003 -16"><span class='ocrx_word' id='word_1_34' title='bbox 252 534 404 574; x_wconf 92' lang='grc' dir='ltr'>νομεν,</span> <span class='ocrx_word' id='word_1_35' title='bbox 444 514 518 562; x_wconf 76' lang='grc' dir='ltr'>καὶ</span> <span class='ocrx_word' id='word_1_36' title='bbox 552 513 731 577; x_wconf 89' lang='grc' dir='ltr'>συνέβη</span> <span class='ocrx_word' id='word_1_37' title='bbox 771 535 814 562; x_wconf 89' lang='grc' dir='ltr'>τι</span> <span class='ocrx_word' id='word_1_38' title='bbox 848 516 1028 574; x_wconf 80' lang='grc' dir='ltr'>παθεῖν,</span> <span class='ocrx_word' id='word_1_39' title='bbox 1069 511 1142 562; x_wconf 76' lang='grc' dir='ltr'>οἷα</span> <span class='ocrx_word' id='word_1_40' title='bbox 1172 511 1349 573; x_wconf 81' lang='grc' dir='ltr'>πολλὰ,</span> <span class='ocrx_word' id='word_1_41' title='bbox 1382 514 1494 574; x_wconf 77' lang='grc' dir='ltr'>ἐμοὶ,</span> <span class='ocrx_word' id='word_1_42' title='bbox 1535 515 1575 562; x_wconf 80' lang='grc' dir='ltr'>οἱ</span> <span class='ocrx_word' id='word_1_43' title='bbox 1608 517 1821 566; x_wconf 83' lang='grc' dir='ltr'>παῖδεςιο</span> 
     </span>
     <span class='ocr_line' id='line_1_6' title="bbox 251 592 1763 662; baseline 0.001 -19"><span class='ocrx_word' id='word_1_44' title='bbox 251 592 307 644; x_wconf 82' lang='grc' dir='ltr'>ἂν</span> <span class='ocrx_word' id='word_1_45' title='bbox 334 598 374 644; x_wconf 80' lang='grc' dir='ltr'>οἱ</span> <span class='ocrx_word' id='word_1_46' title='bbox 402 595 568 645; x_wconf 89' lang='grc' dir='ltr'>τούτου</span> <span class='ocrx_word' id='word_1_47' title='bbox 594 601 687 646; x_wconf 83' lang='grc' dir='ltr'>τῶν</span> <span class='ocrx_word' id='word_1_48' title='bbox 708 597 830 659; x_wconf 82' lang='grc' dir='ltr'>ε’μῶν</span> <span class='ocrx_word' id='word_1_49' title='bbox 856 597 1126 662; x_wconf 78' lang='grc' dir='ltr'>θυγατέρων</span> <span class='ocrx_word' id='word_1_50' title='bbox 1153 595 1453 661; x_wconf 57' lang='grc' dir='ltr'>εέδικάζοντο,</span> <span class='ocrx_word' id='word_1_51' title='bbox 1480 599 1520 645; x_wconf 79' lang='grc' dir='ltr'>οἱ</span> <span class='ocrx_word' id='word_1_52' title='bbox 1548 601 1630 645; x_wconf 90' lang='grc' dir='ltr'>τοῦ</span> <span class='ocrx_word' id='word_1_53' title='bbox 1656 596 1763 660; x_wconf 78' lang='grc' dir='ltr'>δού-</span> 
     </span>
     <span class='ocr_line' id='line_1_7' title="bbox 250 677 1769 745; baseline 0.001 -18"><span class='ocrx_word' id='word_1_54' title='bbox 250 684 339 728; x_wconf 92' lang='grc' dir='ltr'>λου</span> <span class='ocrx_word' id='word_1_55' title='bbox 364 683 458 728; x_wconf 84' lang='grc' dir='ltr'>τῶν</span> <span class='ocrx_word' id='word_1_56' title='bbox 482 684 564 729; x_wconf 94' lang='grc' dir='ltr'>τοῦ</span> <span class='ocrx_word' id='word_1_57' title='bbox 591 678 843 730; x_wconf 87' lang='grc' dir='ltr'>δεσπότου·</span> <span class='ocrx_word' id='word_1_58' title='bbox 888 684 999 730; x_wconf 91' lang='grc' dir='ltr'>θεῖοι</span> <span class='ocrx_word' id='word_1_59' title='bbox 1024 678 1117 745; x_wconf 89' lang='grc' dir='ltr'>γάρ</span> <span class='ocrx_word' id='word_1_60' title='bbox 1158 683 1277 729; x_wconf 78' lang='grc' dir='ltr'>εἰσιν</span> <span class='ocrx_word' id='word_1_61' title='bbox 1303 680 1461 732; x_wconf 85' lang='grc' dir='ltr'>αὐταῖς</span> <span class='ocrx_word' id='word_1_62' title='bbox 1496 678 1571 729; x_wconf 77' lang='grc' dir='ltr'>διὰ</span> <span class='ocrx_word' id='word_1_63' title='bbox 1606 677 1658 729; x_wconf 81' lang='grc' dir='ltr'>τὸ</span> <span class='ocrx_word' id='word_1_64' title='bbox 1685 679 1769 743; x_wconf 85' lang='grc' dir='ltr'>τὴν</span> 
     </span>
     <span class='ocr_line' id='line_1_8' title="bbox 249 760 1769 827; baseline 0.003 -16"><span class='ocrx_word' id='word_1_65' title='bbox 249 760 424 827; x_wconf 87' lang='grc' dir='ltr'>μητέρα</span> <span class='ocrx_word' id='word_1_66' title='bbox 459 761 544 825; x_wconf 71' lang='grc' dir='ltr'>τὴν</span> <span class='ocrx_word' id='word_1_67' title='bbox 579 762 692 827; x_wconf 84' lang='grc' dir='ltr'>ἐμὴν</span> <span class='ocrx_word' id='word_1_68' title='bbox 726 768 890 813; x_wconf 85' lang='grc' dir='ltr'>τοῦτον</span> <span class='ocrx_word' id='word_1_69' title='bbox 931 767 1115 822; x_wconf 80' lang='grc' dir='ltr'>λαβεῖν·</span> <span class='ocrx_word' id='word_1_70' title='bbox 1157 761 1310 825; x_wconf 83' lang='grc' dir='ltr'>ἐπειδὴ</span> <span class='ocrx_word' id='word_1_71' title='bbox 1343 762 1390 813; x_wconf 78' lang='grc' dir='ltr'>δὲ</span> <span class='ocrx_word' id='word_1_72' title='bbox 1417 761 1603 827; x_wconf 83' lang='grc' dir='ltr'>ἀπόρως</span> <span class='ocrx_word' id='word_1_73' title='bbox 1643 764 1769 826; x_wconf 82' lang='grc' dir='ltr'>ἡμεῖς</span> 
     </span>
     <span class='ocr_line' id='line_1_9' title="bbox 250 844 1817 913; baseline 0.002 -19"><span class='ocrx_word' id='word_1_74' title='bbox 250 844 428 910; x_wconf 72' lang='grc' dir='ltr'>ἔχομεν,</span> <span class='ocrx_word' id='word_1_75' title='bbox 479 852 729 909; x_wconf 84' lang='grc' dir='ltr'>τηνικαῦτα</span> <span class='ocrx_word' id='word_1_76' title='bbox 781 848 833 896; x_wconf 86' lang='grc' dir='ltr'>οὐ</span> <span class='ocrx_word' id='word_1_77' title='bbox 884 847 1172 897; x_wconf 80' lang='grc' dir='ltr'>συνεκδώσει</span> <span class='ocrx_word' id='word_1_78' title='bbox 1223 847 1408 909; x_wconf 90' lang='grc' dir='ltr'>ταύτας,</span> <span class='ocrx_word' id='word_1_79' title='bbox 1460 847 1590 897; x_wconf 79' lang='grc' dir='ltr'>ἀλλὰ</span> <span class='ocrx_word' id='word_1_80' title='bbox 1640 848 1817 913; x_wconf 69' lang='grc' dir='ltr'>λέγειῐὸ</span> 
     </span>
     <span class='ocr_line' id='line_1_10' title="bbox 183 928 1767 997; baseline 0.003 -20"><span class='ocrx_word' id='word_1_81' title='bbox 183 947 234 987; x_wconf 84' lang='lat'>93</span> <span class='ocrx_word' id='word_1_82' title='bbox 250 950 324 977; x_wconf 91' lang='grc' dir='ltr'>και</span> <span class='ocrx_word' id='word_1_83' title='bbox 364 928 595 994; x_wconf 71' lang='grc' dir='ltr'>λογιζεται</span> <span class='ocrx_word' id='word_1_84' title='bbox 640 953 694 980; x_wconf 93' lang='grc' dir='ltr'>το</span> <span class='ocrx_word' id='word_1_85' title='bbox 734 933 919 993; x_wconf 78' lang='grc' dir='ltr'>πλῆθος</span> <span class='ocrx_word' id='word_1_86' title='bbox 971 929 1035 980; x_wconf 79' lang='grc' dir='ltr'>ὧν</span> <span class='ocrx_word' id='word_1_87' title='bbox 1080 930 1171 995; x_wconf 83' lang='grc' dir='ltr'>ἐγὼ</span> <span class='ocrx_word' id='word_1_88' title='bbox 1220 930 1474 997; x_wconf 90' lang='grc' dir='ltr'>χρημάτων</span> <span class='ocrx_word' id='word_1_89' title='bbox 1525 931 1633 997; x_wconf 82' lang='grc' dir='ltr'>ε’χω.</span> <span class='ocrx_word' id='word_1_90' title='bbox 1693 933 1767 981; x_wconf 80' lang='grc' dir='ltr'>καὶ</span> 
     </span>
     <span class='ocr_line' id='line_1_11' title="bbox 248 1011 1769 1077; baseline 0.001 -17"><span class='ocrx_word' id='word_1_91' title='bbox 248 1032 341 1075; x_wconf 92' lang='grc' dir='ltr'>γαρ</span> <span class='ocrx_word' id='word_1_92' title='bbox 391 1017 528 1061; x_wconf 90' lang='grc' dir='ltr'>τοῦτο</span> <span class='ocrx_word' id='word_1_93' title='bbox 581 1012 885 1062; x_wconf 83' lang='grc' dir='ltr'>ἀτοπώτατον</span> <span class='ocrx_word' id='word_1_94' title='bbox 935 1012 1139 1063; x_wconf 89' lang='grc' dir='ltr'>πάντων.</span> <span class='ocrx_word' id='word_1_95' title='bbox 1205 1011 1269 1063; x_wconf 87' lang='grc' dir='ltr'>ὡν</span> <span class='ocrx_word' id='word_1_96' title='bbox 1320 1036 1404 1075; x_wconf 89' lang='grc' dir='ltr'>μεν</span> <span class='ocrx_word' id='word_1_97' title='bbox 1452 1035 1769 1077; x_wconf 89' lang='grc' dir='ltr'>απεστερηκεν</span> 
     </span>
     <span class='ocr_line' id='line_1_12' title="bbox 247 1095 1767 1162; baseline 0.001 -18.009"><span class='ocrx_word' id='word_1_98' title='bbox 247 1095 368 1157; x_wconf 81' lang='grc' dir='ltr'>ἡμᾶς</span> <span class='ocrx_word' id='word_1_99' title='bbox 406 1095 674 1161; x_wconf 89' lang='grc' dir='ltr'>χρημάτων,</span> <span class='ocrx_word' id='word_1_100' title='bbox 708 1097 886 1147; x_wconf 86' lang='grc' dir='ltr'>οὐδέπω</span> <span class='ocrx_word' id='word_1_101' title='bbox 923 1119 998 1147; x_wconf 88' lang='grc' dir='ltr'>και</span> <span class='ocrx_word' id='word_1_102' title='bbox 1029 1096 1231 1162; x_wconf 83' lang='grc' dir='ltr'>τήμερον</span> <span class='ocrx_word' id='word_1_103' title='bbox 1265 1097 1500 1159; x_wconf 85' lang='grc' dir='ltr'>ἠθελησεν</span> <span class='ocrx_word' id='word_1_104' title='bbox 1541 1098 1767 1162; x_wconf 82' lang='grc' dir='ltr'>ὑποσχεῖν</span> 
     </span>
     <span class='ocr_line' id='line_1_13' title="bbox 248 1173 1768 1244; baseline 0.003 -18"><span class='ocrx_word' id='word_1_105' title='bbox 248 1173 366 1227; x_wconf 62' lang='grc' dir='ltr'>ᾰτὸν</span> <span class='ocrx_word' id='word_1_106' title='bbox 409 1176 572 1242; x_wconf 87' lang='grc' dir='ltr'>λόγον,</span> <span class='ocrx_word' id='word_1_107' title='bbox 619 1178 751 1228; x_wconf 78' lang='grc' dir='ltr'>ἀλλὰ</span> <span class='ocrx_word' id='word_1_108' title='bbox 803 1179 900 1242; x_wconf 72' lang='grc' dir='ltr'>Θμὴ</span> <span class='ocrx_word' id='word_1_109' title='bbox 946 1180 1289 1244; x_wconf 82' lang='grc' dir='ltr'>εἰσαγωγίμους</span> <span class='ocrx_word' id='word_1_110' title='bbox 1339 1176 1453 1228; x_wconf 76' lang='grc' dir='ltr'>εἶναι</span> <span class='ocrx_word' id='word_1_111' title='bbox 1504 1177 1586 1230; x_wconf 80' lang='grc' dir='ltr'>τὰς</span> <span class='ocrx_word' id='word_1_112' title='bbox 1639 1178 1768 1230; x_wconf 88' lang='grc' dir='ltr'>δίκας</span> 
     </span>
     <span class='ocr_line' id='line_1_14' title="bbox 245 1260 1821 1331; baseline 0.001 -22"><span class='ocrx_word' id='word_1_113' title='bbox 245 1260 622 1328; x_wconf 80' lang='grc' dir='ltr'>παραγράφεται·</span> <span class='ocrx_word' id='word_1_114' title='bbox 687 1260 739 1312; x_wconf 59' lang='lat' dir='ltr'>fd}</span> <span class='ocrx_word' id='word_1_115' title='bbox 797 1262 845 1312; x_wconf 76' lang='grc' dir='ltr'>δὲ</span> <span class='ocrx_word' id='word_1_116' title='bbox 910 1268 1004 1312; x_wconf 85' lang='grc' dir='ltr'>τῶν</span> <span class='ocrx_word' id='word_1_117' title='bbox 1060 1261 1293 1331; x_wconf 76' lang='grc' dir='ltr'>πατρῴων</span> <span class='ocrx_word' id='word_1_118' title='bbox 1355 1260 1603 1324; x_wconf 77' lang='grc' dir='ltr'>ἐνειμάμην</span> <span class='ocrx_word' id='word_1_119' title='bbox 1662 1260 1821 1325; x_wconf 63' lang='grc' dir='ltr'>ἐγὼ,εο</span> 
     </span>
     <span class='ocr_line' id='line_1_15' title="bbox 247 1343 1768 1410; baseline 0 -17"><span class='ocrx_word' id='word_1_120' title='bbox 247 1349 394 1393; x_wconf 90' lang='grc' dir='ltr'>ταῦτα</span> <span class='ocrx_word' id='word_1_121' title='bbox 432 1345 678 1410; x_wconf 72' lang='grc' dir='ltr'>λογίζεται,</span> <span class='ocrx_word' id='word_1_122' title='bbox 743 1348 817 1395; x_wconf 79' lang='grc' dir='ltr'>καὶ</span> <span class='ocrx_word' id='word_1_123' title='bbox 853 1345 960 1399; x_wconf 83' lang='grc' dir='ltr'>τούς</span> <span class='ocrx_word' id='word_1_124' title='bbox 1000 1346 1083 1407; x_wconf 73' lang='grc' dir='ltr'>μὲν</span> <span class='ocrx_word' id='word_1_125' title='bbox 1119 1346 1298 1398; x_wconf 79' lang='grc' dir='ltr'>ἄλλους</span> <span class='ocrx_word' id='word_1_126' title='bbox 1338 1345 1396 1394; x_wconf 69' lang='grc' dir='ltr'>’ἄν</span> <span class='ocrx_word' id='word_1_127' title='bbox 1433 1368 1501 1397; x_wconf 88' lang='grc' dir='ltr'>τις</span> <span class='ocrx_word' id='word_1_128' title='bbox 1537 1345 1623 1394; x_wconf 83' lang='grc' dir='ltr'>ἰ’δοι</span> <span class='ocrx_word' id='word_1_129' title='bbox 1661 1343 1768 1396; x_wconf 84' lang='grc' dir='ltr'>τούς</span> 
     </span>
     <span class='ocr_line' id='line_1_16' title="bbox 247 1427 1768 1497; baseline 0.001 -22"><span class='ocrx_word' id='word_1_130' title='bbox 247 1427 423 1479; x_wconf 75' lang='grc' dir='ltr'>οἰκέτας</span> <span class='ocrx_word' id='word_1_131' title='bbox 470 1427 559 1477; x_wconf 81' lang='grc' dir='ltr'>ὑπὸ</span> <span class='ocrx_word' id='word_1_132' title='bbox 612 1433 706 1478; x_wconf 81' lang='grc' dir='ltr'>τῶν</span> <span class='ocrx_word' id='word_1_133' title='bbox 750 1431 997 1480; x_wconf 76' lang='grc' dir='ltr'>δεσποτῶν</span> <span class='ocrx_word' id='word_1_134' title='bbox 1043 1428 1410 1497; x_wconf 72' lang='grc' dir='ltr'>ἐξεταζομένους·</span> <span class='ocrx_word' id='word_1_135' title='bbox 1452 1428 1584 1480; x_wconf 73' lang='grc' dir='ltr'>οὗτος</span> <span class='ocrx_word' id='word_1_136' title='bbox 1630 1429 1667 1477; x_wconf 85' lang='grc' dir='ltr'>δ’</span> <span class='ocrx_word' id='word_1_137' title='bbox 1711 1427 1768 1476; x_wconf 76' lang='grc' dir='ltr'>αὖ</span> 
     </span>
     <span class='ocr_line' id='line_1_17' title="bbox 245 1510 1768 1579; baseline 0.001 -20"><span class='ocrx_word' id='word_1_138' title='bbox 245 1511 514 1561; x_wconf 88' lang='grc' dir='ltr'>τούναντιόν</span> <span class='ocrx_word' id='word_1_139' title='bbox 566 1510 648 1561; x_wconf 83' lang='grc' dir='ltr'>τὸν</span> <span class='ocrx_word' id='word_1_140' title='bbox 695 1511 931 1576; x_wconf 86' lang='grc' dir='ltr'>δεσπότην</span> <span class='ocrx_word' id='word_1_141' title='bbox 977 1513 1001 1561; x_wconf 84' lang='grc' dir='ltr'>ὁ</span> <span class='ocrx_word' id='word_1_142' title='bbox 1055 1515 1224 1565; x_wconf 89' lang='grc' dir='ltr'>δοῦλος</span> <span class='ocrx_word' id='word_1_143' title='bbox 1275 1510 1487 1579; x_wconf 73' lang='grc' dir='ltr'>ἐξετάζει,</span> <span class='ocrx_word' id='word_1_144' title='bbox 1539 1513 1600 1563; x_wconf 86' lang='grc' dir='ltr'>ὡς</span> <span class='ocrx_word' id='word_1_145' title='bbox 1651 1513 1768 1572; x_wconf 79' lang='grc' dir='ltr'>δῆτα</span> 
     </span>
     <span class='ocr_line' id='line_1_18' title="bbox 181 1591 1761 1663; baseline 0 -20"><span class='ocrx_word' id='word_1_146' title='bbox 181 1618 235 1657; x_wconf 89' lang='lat'>94</span> <span class='ocrx_word' id='word_1_147' title='bbox 246 1593 453 1659; x_wconf 80' lang='grc' dir='ltr'>πονηρὸν</span> <span class='ocrx_word' id='word_1_148' title='bbox 480 1597 555 1644; x_wconf 84' lang='grc' dir='ltr'>καὶ</span> <span class='ocrx_word' id='word_1_149' title='bbox 582 1596 771 1646; x_wconf 79' lang='grc' dir='ltr'>ἄσωτον</span> <span class='ocrx_word' id='word_1_150' title='bbox 800 1598 849 1646; x_wconf 85' lang='grc' dir='ltr'>ἐκ</span> <span class='ocrx_word' id='word_1_151' title='bbox 888 1595 1066 1646; x_wconf 86' lang='grc' dir='ltr'>τούτων</span> <span class='ocrx_word' id='word_1_152' title='bbox 1093 1595 1347 1663; x_wconf 73' lang='grc' dir='ltr'>ἐπιδείξων.</span> <span class='ocrx_word' id='word_1_153' title='bbox 1406 1594 1497 1659; x_wconf 84' lang='grc' dir='ltr'>ἐγὼ</span> <span class='ocrx_word' id='word_1_154' title='bbox 1525 1597 1581 1655; x_wconf 84' lang='grc' dir='ltr'>δ’,</span> <span class='ocrx_word' id='word_1_155' title='bbox 1608 1591 1645 1643; x_wconf 75' lang='grc' dir='ltr'><em>ὦ</em></span> <span class='ocrx_word' id='word_1_156' title='bbox 1679 1594 1761 1643; x_wconf 77' lang='grc' dir='ltr'>ἅν-</span> 
     </span>
     <span class='ocr_line' id='line_1_19' title="bbox 246 1677 1816 1746; baseline -0.001 -20"><span class='ocrx_word' id='word_1_157' title='bbox 246 1679 350 1742; x_wconf 89' lang='grc' dir='ltr'>δρες</span> <span class='ocrx_word' id='word_1_158' title='bbox 388 1682 642 1741; x_wconf 87' lang='grc' dir='ltr'>Ἀθηναῖοι,</span> <span class='ocrx_word' id='word_1_159' title='bbox 677 1682 760 1741; x_wconf 81' lang='grc' dir='ltr'>τῆς</span> <span class='ocrx_word' id='word_1_160' title='bbox 795 1677 880 1741; x_wconf 78' lang='grc' dir='ltr'>μὲν</span> <span class='ocrx_word' id='word_1_161' title='bbox 912 1678 1069 1746; x_wconf 75' lang='grc' dir='ltr'>ὅψεως</span> <span class='ocrx_word' id='word_1_162' title='bbox 1107 1683 1165 1744; x_wconf 83' lang='grc' dir='ltr'>τῇ</span> <span class='ocrx_word' id='word_1_163' title='bbox 1204 1678 1347 1746; x_wconf 88' lang='grc' dir='ltr'>φύσει</span> <span class='ocrx_word' id='word_1_164' title='bbox 1378 1679 1452 1728; x_wconf 77' lang='grc' dir='ltr'>καὶ</span> <span class='ocrx_word' id='word_1_165' title='bbox 1489 1681 1555 1744; x_wconf 73' lang='grc' dir='ltr'>τῷ</span> <span class='ocrx_word' id='word_1_166' title='bbox 1588 1677 1765 1743; x_wconf 86' lang='grc' dir='ltr'>ταχέως</span> <span class='ocrx_word' id='word_1_167' title='bbox 1780 1703 1816 1732; x_wconf 76' lang='lat'>25</span> 
     </span>
     <span class='ocr_line' id='line_1_20' title="bbox 243 1759 1767 1828; baseline -0.001 -19"><span class='ocrx_word' id='word_1_168' title='bbox 243 1760 446 1826; x_wconf 73' lang='grc' dir='ltr'>βαδίζειν</span> <span class='ocrx_word' id='word_1_169' title='bbox 498 1763 572 1811; x_wconf 73' lang='grc' dir='ltr'>καὶ</span> <span class='ocrx_word' id='word_1_170' title='bbox 619 1767 785 1812; x_wconf 79' lang='grc' dir='ltr'>λαλεῖν</span> <span class='ocrx_word' id='word_1_171' title='bbox 835 1762 956 1826; x_wconf 89' lang='grc' dir='ltr'>μέγα</span> <span class='ocrx_word' id='word_1_172' title='bbox 1002 1763 1055 1811; x_wconf 88' lang='grc' dir='ltr'>οὐ</span> <span class='ocrx_word' id='word_1_173' title='bbox 1100 1766 1194 1811; x_wconf 79' lang='grc' dir='ltr'>τῶν</span> <span class='ocrx_word' id='word_1_174' title='bbox 1240 1762 1442 1827; x_wconf 78' lang='grc' dir='ltr'>εὐτυχῶς</span> <span class='ocrx_word' id='word_1_175' title='bbox 1487 1759 1767 1828; x_wconf 84' lang='grc' dir='ltr'>πεφυκότων</span> 
     </span>
     <span class='ocr_line' id='line_1_21' title="bbox 245 1842 1766 1912; baseline 0 -20"><span class='ocrx_word' id='word_1_176' title='bbox 245 1843 443 1906; x_wconf 83' lang='grc' dir='ltr'>ἐμαυτὸν</span> <span class='ocrx_word' id='word_1_177' title='bbox 491 1845 645 1910; x_wconf 87' lang='grc' dir='ltr'>κρίνω·</span> <span class='ocrx_word' id='word_1_178' title='bbox 690 1847 764 1912; x_wconf 75' lang='grc' dir='ltr'>ἐφ’</span> <span class='ocrx_word' id='word_1_179' title='bbox 813 1844 879 1896; x_wconf 75' lang='grc' dir='ltr'>οἷς</span> <span class='ocrx_word' id='word_1_180' title='bbox 923 1843 1016 1909; x_wconf 78' lang='grc' dir='ltr'>γὰρ</span> <span class='ocrx_word' id='word_1_181' title='bbox 1068 1843 1200 1894; x_wconf 79' lang='grc' dir='ltr'>οὐδὲν</span> <span class='ocrx_word' id='word_1_182' title='bbox 1249 1842 1578 1911; x_wconf 82' lang='grc' dir='ltr'>ὠφελούμενος</span> <span class='ocrx_word' id='word_1_183' title='bbox 1629 1847 1766 1893; x_wconf 85' lang='grc' dir='ltr'>λυπῶ</span> 
     </span>
     <span class='ocr_line' id='line_1_22' title="bbox 243 1926 1766 1995; baseline 0 -20"><span class='ocrx_word' id='word_1_184' title='bbox 243 1926 383 1987; x_wconf 75' lang='grc' dir='ltr'>τινας,</span> <span class='ocrx_word' id='word_1_185' title='bbox 424 1927 623 1978; x_wconf 74' lang='grc' dir='ltr'>ε”λαττον</span> <span class='ocrx_word' id='word_1_186' title='bbox 667 1928 758 1994; x_wconf 76' lang='grc' dir='ltr'>ε”χω</span> <span class='ocrx_word' id='word_1_187' title='bbox 804 1932 1070 1993; x_wconf 89' lang='grc' dir='ltr'>πολλαχοῦ·</span> <span class='ocrx_word' id='word_1_188' title='bbox 1113 1931 1179 1995; x_wconf 72' lang='grc' dir='ltr'>τῷ</span> <span class='ocrx_word' id='word_1_189' title='bbox 1224 1927 1381 1989; x_wconf 88' lang='grc' dir='ltr'>μέντοι</span> <span class='ocrx_word' id='word_1_190' title='bbox 1421 1927 1604 1990; x_wconf 87' lang='grc' dir='ltr'>μέτριος</span> <span class='ocrx_word' id='word_1_191' title='bbox 1647 1926 1766 1975; x_wconf 81' lang='grc' dir='ltr'>κατὰ</span> 
     </span>
     <span class='ocr_line' id='line_1_23' title="bbox 243 2008 1887 2073; baseline -0.001 -13"><span class='ocrx_word' id='word_1_192' title='bbox 243 2010 403 2063; x_wconf 87' lang='grc' dir='ltr'>πάσας</span> <span class='ocrx_word' id='word_1_193' title='bbox 441 2011 525 2064; x_wconf 81' lang='grc' dir='ltr'>τὰς</span> <span class='ocrx_word' id='word_1_194' title='bbox 564 2015 625 2064; x_wconf 80' lang='grc' dir='ltr'>εἷς</span> <span class='ocrx_word' id='word_1_195' title='bbox 665 2008 865 2073; x_wconf 76' lang='grc' dir='ltr'>ἐμαυτὸν</span> <span class='ocrx_word' id='word_1_196' title='bbox 904 2009 1114 2063; x_wconf 90' lang='grc' dir='ltr'>δαπάνας</span> <span class='ocrx_word' id='word_1_197' title='bbox 1154 2008 1267 2061; x_wconf 75' lang='grc' dir='ltr'>εἶναι</span> <span class='ocrx_word' id='word_1_198' title='bbox 1311 2009 1438 2061; x_wconf 76' lang='grc' dir='ltr'>πολὺ</span> <span class='ocrx_word' id='word_1_199' title='bbox 1477 2010 1644 2061; x_wconf 84' lang='grc' dir='ltr'>τούτου</span> <span class='ocrx_word' id='word_1_200' title='bbox 1690 2013 1887 2073; x_wconf 70' lang='grc' dir='ltr'>καὶ1125</span> 
     </span>
     <span class='ocr_line' id='line_1_24' title="bbox 179 2092 1764 2161; baseline 0.001 -17"><span class='ocrx_word' id='word_1_201' title='bbox 179 2113 231 2156; x_wconf 84' lang='grc'>95</span> <span class='ocrx_word' id='word_1_202' title='bbox 244 2095 465 2145; x_wconf 85' lang='grc' dir='ltr'>τοιούτων</span> <span class='ocrx_word' id='word_1_203' title='bbox 492 2095 659 2160; x_wconf 82' lang='grc' dir='ltr'>ἑτέρων</span> <span class='ocrx_word' id='word_1_204' title='bbox 691 2093 1020 2158; x_wconf 84' lang='grc' dir='ltr'>εὐτακτότερον</span> <span class='ocrx_word' id='word_1_205' title='bbox 1056 2093 1145 2158; x_wconf 75' lang='grc' dir='ltr'>ζῶν</span> <span class='ocrx_word' id='word_1_206' title='bbox 1179 2092 1237 2144; x_wconf 78' lang='grc' dir='ltr'>ἂν</span> <span class='ocrx_word' id='word_1_207' title='bbox 1275 2094 1482 2161; x_wconf 85' lang='grc' dir='ltr'>φανείην.</span> <span class='ocrx_word' id='word_1_208' title='bbox 1541 2092 1600 2142; x_wconf 83' lang='grc' dir='ltr'>τὰ</span> <span class='ocrx_word' id='word_1_209' title='bbox 1636 2095 1673 2143; x_wconf 87' lang='grc' dir='ltr'>δ’</span> <span class='ocrx_word' id='word_1_210' title='bbox 1703 2098 1764 2146; x_wconf 82' lang='grc' dir='ltr'>εἷς</span> 
     </span>
     <span class='ocr_line' id='line_1_25' title="bbox 244 2175 1762 2241; baseline -0.001 -14"><span class='ocrx_word' id='word_1_211' title='bbox 244 2177 329 2241; x_wconf 82' lang='grc' dir='ltr'>τὴν</span> <span class='ocrx_word' id='word_1_212' title='bbox 366 2177 508 2228; x_wconf 87' lang='grc' dir='ltr'>πόλιν</span> <span class='ocrx_word' id='word_1_213' title='bbox 548 2180 622 2227; x_wconf 78' lang='grc' dir='ltr'>καὶ</span> <span class='ocrx_word' id='word_1_214' title='bbox 666 2177 760 2226; x_wconf 81' lang='grc' dir='ltr'>ὅσα</span> <span class='ocrx_word' id='word_1_215' title='bbox 808 2181 869 2229; x_wconf 81' lang='grc' dir='ltr'>εἰς</span> <span class='ocrx_word' id='word_1_216' title='bbox 911 2178 1041 2239; x_wconf 77' lang='grc' dir='ltr'>ὑμᾶς,</span> <span class='ocrx_word' id='word_1_217' title='bbox 1084 2180 1145 2229; x_wconf 87' lang='grc' dir='ltr'>ὡς</span> <span class='ocrx_word' id='word_1_218' title='bbox 1192 2176 1391 2238; x_wconf 83' lang='grc' dir='ltr'>δύναμαι</span> <span class='ocrx_word' id='word_1_219' title='bbox 1433 2175 1762 2241; x_wconf 82' lang='grc' dir='ltr'>λαμπρότατα,</span> 
     </span>
     <span class='ocr_line' id='line_1_26' title="bbox 245 2259 1762 2326; baseline -0.001 -14"><span class='ocrx_word' id='word_1_220' title='bbox 245 2265 335 2315; x_wconf 66' lang='grc' dir='ltr'>ἕὡς</span> <span class='ocrx_word' id='word_1_221' title='bbox 375 2263 499 2323; x_wconf 84' lang='grc' dir='ltr'>ὑμεῖς</span> <span class='ocrx_word' id='word_1_222' title='bbox 537 2261 748 2323; x_wconf 89' lang='grc' dir='ltr'>σύνιστε,</span> <span class='ocrx_word' id='word_1_223' title='bbox 783 2265 918 2311; x_wconf 81' lang='grc' dir='ltr'>ποιῶ·</span> <span class='ocrx_word' id='word_1_224' title='bbox 963 2262 1015 2310; x_wconf 88' lang='grc' dir='ltr'>οὐ</span> <span class='ocrx_word' id='word_1_225' title='bbox 1054 2259 1148 2326; x_wconf 82' lang='grc' dir='ltr'>γὰρ</span> <span class='ocrx_word' id='word_1_226' title='bbox 1185 2262 1340 2325; x_wconf 81' lang='grc' dir='ltr'>ἀγνοῶ</span> <span class='ocrx_word' id='word_1_227' title='bbox 1378 2260 1518 2319; x_wconf 83' lang='grc' dir='ltr'>τοῦθ’,</span> <span class='ocrx_word' id='word_1_228' title='bbox 1560 2259 1628 2308; x_wconf 83' lang='grc' dir='ltr'>ὅτι</span> <span class='ocrx_word' id='word_1_229' title='bbox 1668 2264 1762 2311; x_wconf 89' lang='grc' dir='ltr'>τοῖς</span> 
     </span>
     <span class='ocr_line' id='line_1_27' title="bbox 243 2342 1787 2409; baseline -0.003 -14"><span class='ocrx_word' id='word_1_230' title='bbox 243 2345 328 2407; x_wconf 76' lang='grc' dir='ltr'>μὲν</span> <span class='ocrx_word' id='word_1_231' title='bbox 367 2345 487 2409; x_wconf 87' lang='grc' dir='ltr'>γένει</span> <span class='ocrx_word' id='word_1_232' title='bbox 524 2345 739 2396; x_wconf 86' lang='grc' dir='ltr'>πολίταις</span> <span class='ocrx_word' id='word_1_233' title='bbox 788 2345 893 2406; x_wconf 83' lang='grc' dir='ltr'>ὑμῖν</span> <span class='ocrx_word' id='word_1_234' title='bbox 934 2342 1091 2393; x_wconf 82' lang='grc' dir='ltr'>ἱκανόν</span> <span class='ocrx_word' id='word_1_235' title='bbox 1134 2344 1236 2392; x_wconf 86' lang='grc' dir='ltr'>ἐστι</span> <span class='ocrx_word' id='word_1_236' title='bbox 1281 2346 1567 2406; x_wconf 84' lang='grc' dir='ltr'>λειτουργεῖν</span> <span class='ocrx_word' id='word_1_237' title='bbox 1613 2344 1674 2393; x_wconf 83' lang='grc' dir='ltr'>ὡς</span> <span class='ocrx_word' id='word_1_238' title='bbox 1719 2345 1760 2391; x_wconf 77' lang='grc' dir='ltr'>οἱ</span> <span class='ocrx_word' id='word_1_239' title='bbox 1771 2367 1787 2397; x_wconf 86' lang='lat'>5</span> 
     </span>
     <span class='ocr_line' id='line_1_28' title="bbox 246 2424 1760 2494; baseline -0.003 -15"><span class='ocrx_word' id='word_1_240' title='bbox 246 2428 377 2492; x_wconf 88' lang='grc' dir='ltr'>νόμοι</span> <span class='ocrx_word' id='word_1_241' title='bbox 418 2429 790 2494; x_wconf 90' lang='grc' dir='ltr'>προστάττουσι,</span> <span class='ocrx_word' id='word_1_242' title='bbox 829 2426 935 2480; x_wconf 80' lang='grc' dir='ltr'>τούς</span> <span class='ocrx_word' id='word_1_243' title='bbox 977 2425 1025 2476; x_wconf 78' lang='grc' dir='ltr'>δὲ</span> <span class='ocrx_word' id='word_1_244' title='bbox 1066 2424 1284 2489; x_wconf 75' lang='grc' dir='ltr'>ποιητοὺς</span> <span class='ocrx_word' id='word_1_245' title='bbox 1325 2426 1458 2488; x_wconf 81' lang='grc' dir='ltr'>ἡμᾶς,</span> <span class='ocrx_word' id='word_1_246' title='bbox 1499 2427 1560 2477; x_wconf 87' lang='grc' dir='ltr'>ὡς</span> <span class='ocrx_word' id='word_1_247' title='bbox 1599 2427 1760 2475; x_wconf 81' lang='grc' dir='ltr'>ἀποδι-</span> 
     </span>
     <span class='ocr_line' id='line_1_29' title="bbox 245 2509 1756 2578; baseline -0.003 -16"><span class='ocrx_word' id='word_1_248' title='bbox 245 2511 411 2565; x_wconf 88' lang='grc' dir='ltr'>δόντας</span> <span class='ocrx_word' id='word_1_249' title='bbox 449 2511 599 2578; x_wconf 86' lang='grc' dir='ltr'>χάριν,</span> <span class='ocrx_word' id='word_1_250' title='bbox 640 2512 759 2561; x_wconf 80' lang='grc' dir='ltr'>οὕτω</span> <span class='ocrx_word' id='word_1_251' title='bbox 797 2509 1026 2576; x_wconf 86' lang='grc' dir='ltr'>προσήκει</span> <span class='ocrx_word' id='word_1_252' title='bbox 1067 2510 1321 2576; x_wconf 87' lang='grc' dir='ltr'>φαίνεσθαι</span> <span class='ocrx_word' id='word_1_253' title='bbox 1357 2514 1756 2573; x_wconf 81' lang='grc' dir='ltr'>λειτουργοῦντας.</span> 
     </span>
     <span class='ocr_line' id='line_1_30' title="bbox 243 2589 1755 2660; baseline -0.004 -14"><span class='ocrx_word' id='word_1_254' title='bbox 243 2594 308 2658; x_wconf 85' lang='grc' dir='ltr'>μὴ</span> <span class='ocrx_word' id='word_1_255' title='bbox 343 2596 423 2645; x_wconf 77' lang='grc' dir='ltr'>οὖν</span> <span class='ocrx_word' id='word_1_256' title='bbox 454 2618 533 2658; x_wconf 94' lang='grc' dir='ltr'>μοι</span> <span class='ocrx_word' id='word_1_257' title='bbox 566 2596 691 2644; x_wconf 85' lang='grc' dir='ltr'>ταῦτ’</span> <span class='ocrx_word' id='word_1_258' title='bbox 721 2593 919 2658; x_wconf 76' lang='grc' dir='ltr'>ὀνείδιζε,</span> <span class='ocrx_word' id='word_1_259' title='bbox 947 2594 1017 2660; x_wconf 81' lang='grc' dir='ltr'>ἐφ’</span> <span class='ocrx_word' id='word_1_260' title='bbox 1048 2591 1114 2645; x_wconf 78' lang='grc' dir='ltr'>οἷς</span> <span class='ocrx_word' id='word_1_261' title='bbox 1152 2593 1341 2642; x_wconf 83' lang='grc' dir='ltr'>ἐπαίνου</span> <span class='ocrx_word' id='word_1_262' title='bbox 1379 2590 1556 2657; x_wconf 83' lang='grc' dir='ltr'>τύχοιμ’</span> <span class='ocrx_word' id='word_1_263' title='bbox 1590 2589 1647 2640; x_wconf 78' lang='grc' dir='ltr'>ἂν</span> <span class='ocrx_word' id='word_1_264' title='bbox 1686 2595 1755 2641; x_wconf 91' lang='grc' dir='ltr'>δι-</span> 
     </span>
    </p>
   </div>
   <div class='ocr_carea' id='block_1_3' title="bbox 179 2675 1813 2745">
    <p class='ocr_par' dir='ltr' id='par_1_3' title="bbox 179 2675 1813 2745">
     <span class='ocr_line' id='line_1_31' title="bbox 179 2675 1813 2745; baseline -0.006 -14"><span class='ocrx_word' id='word_1_265' title='bbox 179 2695 230 2745; x_wconf 77' lang='lat'>96</span> <span class='ocrx_word' id='word_1_266' title='bbox 246 2680 396 2739; x_wconf 86' lang='grc' dir='ltr'>καίως,</span> <span class='ocrx_word' id='word_1_267' title='bbox 443 2677 573 2728; x_wconf 82' lang='grc' dir='ltr'>ἀλλὰ</span> <span class='ocrx_word' id='word_1_268' title='bbox 622 2679 739 2739; x_wconf 88' lang='grc' dir='ltr'>τίνα,</span> <span class='ocrx_word' id='word_1_269' title='bbox 782 2675 818 2726; x_wconf 77' lang='grc' dir='ltr'><em>ὦ</em></span> <span class='ocrx_word' id='word_1_270' title='bbox 865 2677 1099 2742; x_wconf 87' lang='grc' dir='ltr'>Φορμίων,</span> <span class='ocrx_word' id='word_1_271' title='bbox 1145 2680 1238 2725; x_wconf 84' lang='grc' dir='ltr'>τῶν</span> <span class='ocrx_word' id='word_1_272' title='bbox 1288 2678 1498 2725; x_wconf 85' lang='grc' dir='ltr'>πολιτῶν</span> <span class='ocrx_word' id='word_1_273' title='bbox 1552 2675 1756 2737; x_wconf 86' lang='grc' dir='ltr'>ἑταιρεῖν,</span> <span class='ocrx_word' id='word_1_274' title='bbox 1777 2704 1813 2722; x_wconf 77' lang='lat'>10</span> 
     </span>
    </p>
   </div>
   <div class='ocr_carea' id='block_1_4' title="bbox 245 2830 1759 2984">
    <p class='ocr_par' dir='ltr' id='par_1_4' title="bbox 245 2830 1759 2984">
     <span class='ocr_line' id='line_1_32' title="bbox 300 2830 1757 2882; baseline -0.005 -13"><span class='ocrx_word' id='word_1_275' title='bbox 300 2840 314 2859; x_wconf 76' lang='lat'>⁰</span> <span class='ocrx_word' id='word_1_276' title='bbox 344 2836 552 2882; x_wconf 78' lang='grc' dir='ltr'>ἐδικάζοντο]</span> <span class='ocrx_word' id='word_1_277' title='bbox 582 2850 623 2869; x_wconf 82' lang='grc' dir='ltr'>πε</span> <span class='ocrx_word' id='word_1_278' title='bbox 652 2836 864 2881; x_wconf 82' lang='lat' dir='ltr'><strong>adscriptum</strong></span> <span class='ocrx_word' id='word_1_279' title='bbox 885 2836 919 2869; x_wconf 87' lang='lat' dir='ltr'>in</span> <span class='ocrx_word' id='word_1_280' title='bbox 940 2849 1049 2880; x_wconf 71' lang='lat' dir='ltr'>marg.</span> <span class='ocrx_word' id='word_1_281' title='bbox 1072 2837 1105 2868; x_wconf 77' lang='lat' dir='ltr'>S.</span> <span class='ocrx_word' id='word_1_282' title='bbox 1129 2849 1147 2868; x_wconf 82' lang='lat' dir='ltr'>a</span> <span class='ocrx_word' id='word_1_283' title='bbox 1171 2847 1217 2868; x_wconf 91' lang='lat' dir='ltr'>m.</span> <span class='ocrx_word' id='word_1_284' title='bbox 1241 2847 1291 2879; x_wconf 80' lang='lat' dir='ltr'>pr.</span> <span class='ocrx_word' id='word_1_285' title='bbox 1342 2832 1421 2865; x_wconf 81' lang='lat' dir='ltr'>Hoc</span> <span class='ocrx_word' id='word_1_286' title='bbox 1441 2837 1493 2864; x_wconf 77' lang='lat' dir='ltr'>est</span> <span class='ocrx_word' id='word_1_287' title='bbox 1514 2830 1757 2870; x_wconf 67' lang='grc' dir='ltr'>ἐπεδικάζοντο.</span> 
     </span>
     <span class='ocr_line' id='line_1_33' title="bbox 245 2881 1759 2933; baseline -0.005 -12"><span class='ocrx_word' id='word_1_288' title='bbox 245 2885 260 2911; x_wconf 77' lang='grc' dir='ltr'>(Ῑ</span> <span class='ocrx_word' id='word_1_289' title='bbox 282 2888 340 2921; x_wconf 81' lang='grc' dir='ltr'>τὸν</span> <span class='ocrx_word' id='word_1_290' title='bbox 361 2889 466 2929; x_wconf 80' lang='grc' dir='ltr'>λόγον</span> <span class='ocrx_word' id='word_1_291' title='bbox 487 2900 555 2923; x_wconf 89' lang='lat' dir='ltr'>om.</span> <span class='ocrx_word' id='word_1_292' title='bbox 579 2889 613 2921; x_wconf 71' lang='lat' dir='ltr'>S.</span> <span class='ocrx_word' id='word_1_293' title='bbox 725 2894 741 2912; x_wconf 56' lang='grc' dir='ltr'>θ</span> <span class='ocrx_word' id='word_1_294' title='bbox 761 2888 822 2933; x_wconf 84' lang='grc' dir='ltr'>μὴ]</span> <span class='ocrx_word' id='word_1_295' title='bbox 847 2889 922 2931; x_wconf 78' lang='grc' dir='ltr'>μηδ’</span> <span class='ocrx_word' id='word_1_296' title='bbox 946 2889 1035 2927; x_wconf 81' lang='lat' dir='ltr'><strong>F.Q.</strong></span> <span class='ocrx_word' id='word_1_297' title='bbox 1160 2885 1174 2911; x_wconf 82' lang='lat' dir='ltr'><strong>f</strong></span> <span class='ocrx_word' id='word_1_298' title='bbox 1193 2887 1230 2932; x_wconf 75' lang='grc' dir='ltr'>ἃ]</span> <span class='ocrx_word' id='word_1_299' title='bbox 1256 2887 1294 2918; x_wconf 86' lang='grc' dir='ltr'>οὐ</span> <span class='ocrx_word' id='word_1_300' title='bbox 1316 2885 1359 2923; x_wconf 86' lang='lat' dir='ltr'>Q.</span> <span class='ocrx_word' id='word_1_301' title='bbox 1477 2887 1492 2908; x_wconf 57' lang='grc' dir='ltr'><strong>Κ</strong></span> <span class='ocrx_word' id='word_1_302' title='bbox 1513 2882 1556 2916; x_wconf 80' lang='grc' dir='ltr'>ὡς</span> <span class='ocrx_word' id='word_1_303' title='bbox 1577 2881 1684 2927; x_wconf 74' lang='grc' dir='ltr'>ὑμεῖς]</span> <span class='ocrx_word' id='word_1_304' title='bbox 1707 2881 1759 2914; x_wconf 81' lang='grc' dir='ltr'>καὶ</span> 
     </span>
     <span class='ocr_line' id='line_1_34' title="bbox 245 2941 508 2984; baseline 0.011 -12"><span class='ocrx_word' id='word_1_305' title='bbox 245 2941 287 2975; x_wconf 82' lang='grc' dir='ltr'>ὡς</span> <span class='ocrx_word' id='word_1_306' title='bbox 308 2941 400 2984; x_wconf 81' lang='grc' dir='ltr'>ὑμεῖς</span> <span class='ocrx_word' id='word_1_307' title='bbox 421 2941 508 2980; x_wconf 87' lang='lat' dir='ltr'>F..Q</span> 
     </span>
    </p>
   </div>
   <div class='ocr_carea' id='block_1_5' title="bbox 304 3016 1061 3041">
    <p class='ocr_par' dir='ltr' id='par_1_5' title="bbox 304 3016 1061 3041">
     <span class='ocr_line' id='line_1_35' title="bbox 304 3016 1061 3041; baseline 0 -2"><span class='ocrx_word' id='word_1_308' title='bbox 304 3016 397 3041; x_wconf 76' lang='lat' dir='ltr'>VOL.</span> <span class='ocrx_word' id='word_1_309' title='bbox 422 3016 489 3041; x_wconf 82' lang='lat'>111.</span> <span class='ocrx_word' id='word_1_310' title='bbox 996 3016 1015 3039; x_wconf 77' lang='lat' dir='ltr'>R</span> <span class='ocrx_word' id='word_1_311' title='bbox 1045 3016 1061 3039; x_wconf 76' lang='lat'>1·</span> 
     </span>
    </p>
   </div>
  </div>
 </body>
</html>
