1965 3236
28 189 183 230 —959,
205 193 251 218 18.
652 182 796 218 ’ΥΠΕΡ
827 181 1169 219 ΦΟΡΜΙΩΝΟΣ.
1584 182 1669 224 989

150 294 234 339 τοῦ
270 289 447 356 πατρός
484 292 587 342 ποτ’
617 291 799 356 ἐγένετο
837 296 920 341 τοῦ
945 296 1050 353 σοῦ,
1077 291 1232 359 ἐκείνῳ
1270 290 1501 356 προσήκει
1535 296 1722 354 μᾶλ-αο

154 379 242 423 λον
279 372 307 437 ἢ
343 374 435 424 σοί·
480 376 504 424 ὁ
539 374 632 440 γὰρ
667 375 725 425 αὖ
762 374 849 428 σὸς
883 374 1040 439 πατὴρ
1080 376 1284 425 Ξέκείνων
1318 375 1512 440 ἐγένετο,
1546 375 1669 426 ὥστε

155 458 230 506 καὶ
256 455 320 506 σὺ
346 458 420 506 καὶ
447 457 580 510 οὗτος
617 459 786 508 ἐκείνου
817 459 1040 522 γίγνεσθε
1079 460 1128 508 ἐκ
1162 458 1357 508 ἱτούτου
1391 465 1474 509 τοῦ
1501 458 1663 524 λόγου.

153 539 216 590 σὺ
263 544 304 590 δ’
351 545 413 594 εἷς
455 542 579 591 τοῦθ’
622 542 743 604 ἥκεις
787 541 1142 606 ἀγνωμοσύνης,
1185 539 1299 592 ὥσθ’
1340 541 1370 591 ἃ
1412 541 1671 608 ιιπροσήκει

154 646 230 673 σοι
271 623 377 676 τοὺς
411 623 635 688 λέγοντας
673 623 867 691 ἐχθροὺς
905 625 1116 690 νομίζειν,
1151 626 1278 675 ταῦτ’
1317 623 1454 678 αὐτὸς
1493 630 1671 678 νποιεῖς

86 715 141 767 58
155 705 364 770 ἀνάγκην
403 705 514 756 εἶναι
556 707 723 772 λέγειν,
765 710 841 758 καὶ
878 708 1074 774 ὑβρίζεις
1116 707 1200 770 μὲν
1234 707 1414 759 σαυτὸν
1449 710 1523 758 καὶ
1563 707 1721 762 7013925

154 788 317 852 γονέας
352 793 618 851 τεθνεῶτας,
645 789 1007 855 προπηλακίζεις
1033 790 1081 841 δὲ
1108 790 1193 854 τὴν
1219 791 1374 852 πόλιν,
1403 795 1477 841 καὶ
1509 789 1539 841 ἃ
1565 791 1673 841 Χδιά

153 874 236 935 τῆς
262 872 440 922 τούτων
467 874 827 940 φιλανθρωπίας
853 874 1136 927 ἀπολαύσας
1167 876 1323 940 εὕρετο
1350 876 1374 925 ὁ
1403 874 1490 927 σὸς
1516 874 1673 940 πατὴρ

153 957 228 1006 καὶ
268 955 384 1019 μετὰ
422 962 596 1006 Υταῦτα
633 958 854 1022 Φορμίων
893 959 1069 1019 οὑτοσὶ,
1103 964 1251 1008 ταῦτα
1289 960 1391 1008 ἀντὶ
1429 963 1512 1008 τοῦ
1550 981 1667 1008 κοσ-

153 1044 255 1101 μεῖν
282 1041 357 1089 καὶ
381 1040 724 1105 περιστέλλειν,
750 1041 825 1090 ἵνα
864 1043 938 1090 καὶ
977 1046 1073 1094 τοῖς
1100 1044 1262 1091 δοῦσιν
1294 1044 1356 1094 ὡς
1390 1041 1672 1107 εὐσχημονέ-
1686 1056 1768 1097 959

154 1145 310 1173 στατα
345 1125 559 1192 ἐφαίνετο
595 1127 670 1173 καὶ
704 1129 799 1177 τοῖς
834 1129 1073 1184 λαβοῦσιν
1108 1126 1228 1186 ὑμῖν,
1255 1125 1381 1189 ἄγεις
1416 1129 1477 1176 εἱς
1510 1124 1673 1186 μέσον,

154 1213 170 1231 ²
193 1207 421 1268 δεικνύεις,
465 1207 686 1274 ἐλέγχεις,
729 1207 873 1270 μόνον
918 1209 1001 1258 οὐκ
1045 1209 1271 1274 ὀνειδίζεις
1323 1207 1419 1258 οἷον
1460 1207 1573 1257 ὄντα
1617 1231 1674 1258 σε

86 1306 141 1349 59
156 1290 439 1353 ἐποιήσαντο
465 1292 720 1354 Ἀθηναῖοι.
761 1290 837 1341 εἶτ’
868 1295 930 1344 εἰς
966 1293 1090 1342 τοῦθ’
1119 1292 1241 1356 ἥκεις
1268 1293 1436 1355 μανίας
1463 1294 1562 1355 ἱὶ(τί
1583 1292 1675 1359 γὰρ

155 1373 220 1425 bd}
1449 1375 1466 1402 ‘¹
1487 1378 1561 1426 καὶ
1593 1382 1704 1427 νῦν5

222 1399 247 1425 ν
285 1375 411 1425 ἄλλο
449 1398 517 1429 τις
554 1375 733 1441 εἴποις)
774 1374 886 1425 ὥστ’
924 1376 1006 1426 οὐκ
1042 1384 1056 1402 ⁰
1078 1374 1291 1426 αἰσθάνει
1339 1375 1410 1426 ὅτι

155 1459 283 1522 ἡμεῖς
320 1459 404 1522 μὲν
435 1460 685 1527 ἀξιοῦντες,
718 1458 962 1523 ἐπειδήπερ
994 1458 1256 1524 ἀπηλλάγη
1291 1460 1526 1525 Φορμίων,
1555 1467 1672 1523 θμη-

155 1541 242 1592 δέν’
283 1540 552 1607 ῐὺπόλογον
596 1540 709 1592 εἶναι
754 1541 796 1591 εἴ
833 1564 948 1591 ποτε
992 1547 1074 1592 τοῦ
1119 1548 1210 1592 σοῦ
1257 1542 1435 1608 πατρὸς
1479 1543 1673 1608 ἐγένετο,

155 1624 269 1690 ὑπὲρ
296 1631 387 1675 σοῦ
419 1625 632 1691 λέγομεν,
660 1624 724 1675 σὺ
755 1624 803 1675 δὲ
830 1633 850 1659 g
857 1625 1076 1689 μηδέποτ’
1106 1626 1164 1694 ἐξ
1194 1626 1300 1676 ἰ’σου
1335 1649 1415 1676 σοι
1450 1627 1673 1691 γενέσθαι

154 1714 320 1759 τοῦτον
355 1708 499 1776 ἀξιῶν
535 1708 654 1758 κατὰ
687 1708 895 1759 ιισαυτοῦ
929 1709 1096 1774 λέγεις·
1137 1708 1168 1759 ἂ
1202 1709 1294 1775 γὰρ
1328 1709 1386 1760 ἂν
1421 1710 1485 1760 σὺ
1521 1711 1727 1761 δίκαιαιο

156 1796 319 1860 σαυτῷ
375 1791 494 1842 κατὰ
544 1792 709 1843 τούτου
759 1792 918 1860 τάξῃς,
968 1792 1139 1843 ἰταῦτα
1188 1798 1320 1844 ταῦθ’
1368 1793 1386 1820 k
1406 1794 1504 1862 ἥξει
1556 1793 1675 1844 κατὰ

155 1882 247 1926 σοῦ
290 1876 420 1941 παρὰ
462 1880 557 1926 τῶν
594 1876 676 1926 τὸν
715 1874 806 1926 σὸν
844 1876 1023 1942 πατέρα
1067 1877 1120 1945 ἐξ
1158 1879 1306 1944 ἀρχῆς
1347 1878 1668 1941 κτησαμένων.

156 1959 286 2009 ἀλλὰ
336 1958 429 2023 μὴν
479 1959 549 2009 ὅτι
599 1961 805 2012 κάκεῖνος
855 1959 912 2023 ἧν
962 1965 1114 2023 τινῶν,
1161 1959 1240 2011 εἶτ’
1288 1960 1549 2025 ἀπηλλάγη
1594 1961 1676 2011 τὸν

156 2041 297 2092 αὐτὸν
332 2041 508 2108 τρόπον
543 2041 685 2107 ὅνπερ
721 2043 855 2096 οῦτος
892 2045 972 2111 ἀφ’
1003 2045 1144 2107 ὑμῶν,
1177 2044 1304 2104 λαβέ
1334 2067 1414 2107 μοι
1448 2043 1675 2095 1ταυτασὶ

156 2124 240 2178 τὰς
264 2126 531 2191 μαρτυρίας,
559 2128 620 2178 ὡς
646 2125 826 2190 ἐγένετο
856 2128 1056 2176 Πασίων
1084 2126 1450 2193 Ἀρχεστράτου.
1691 2146 1726 2176 15

734 2230 1102 2270 ¹¹¹MAPTTPIAI.

93 2309 146 2347 60
235 2299 353 2351 Εἶτα
396 2299 477 2350 τὸν
523 2301 755 2351 σώσαντα
798 2300 883 2363 μὲν
925 2301 981 2368 ἐξ
1016 2304 1163 2367 ἀρχῆς
1200 2300 1259 2351 τὰ
1298 2300 1557 2366 πράγματα
1601 2304 1676 2350 καὶ

158 2385 324 2436 πολλὰ
355 2383 620 2451 ηχρήσιμον
655 2384 796 2434 αὑτὸν
828 2383 1144 2450 παρασχόντα
1178 2388 1244 2451 τῷ
1281 2386 1423 2450 πατρὶ
1459 2387 1525 2452 τῷ
1563 2383 1671 2433 τού-

214 2556 228 2574 S
249 2548 397 2594 ἐκείνων]
423 2548 548 2582 ἐκείνου
564 2551 638 2583 A.1·.
708 2549 721 2573 t
740 2548 879 2594 τούτου]
904 2549 1001 2582 τοῦδε
1024 2549 1115 2587 F.Q
1187 2555 1207 2574 U
1228 2548 1408 2593 προσήκει]
1433 2549 1617 2592 προσήκειν
1632 2549 1675 2582 Α.

160 2610 177 2628 V
196 2602 319 2648 ποιεῖς]
344 2604 451 2636 ποιεῖς
471 2617 511 2635 σε
531 2602 620 2640 F.Q.
787 2608 805 2626 Χ
826 2603 880 2636 διὰ
900 2602 1016 2635 addidi
1036 2614 1079 2635 ex
1101 2602 1135 2635 S.
1302 2607 1319 2634 Y
1339 2601 1460 2647 ταῦτα]
1482 2603 1584 2634 τοῦτο
1605 2602 1676 2634 Am.

160 2662 177 2680 Ζ
199 2655 369 2695 δεικνύεις,
391 2655 561 2700 ἐλέγχεις]
588 2655 741 2699 ἐλέγχεις
760 2654 918 2689 δεικνύεις
940 2655 1028 2692 ΡΗΟ
1140 2660 1159 2678 a
1178 2653 1213 2687 τί
1229 2653 1311 2699 γὰρ]
1337 2655 1402 2699 γὰρ
1422 2655 1456 2687 τί
1474 2666 1502 2687 r.
1602 2650 1619 2677 b
1638 2651 1678 2686 ἂν

160 2721 229 2743 om.
249 2710 290 2742 A.
367 2714 382 2732 c
401 2708 556 2742 αἰσθάνει
577 2708 611 2741 S.
646 2708 869 2741 Scribebatur
889 2708 1045 2750 αἰσθάνῃ.
1121 2703 1139 2731 ‘l
1160 2707 1213 2740 καὶ
1233 2707 1391 2740 additum
1412 2718 1453 2739 ex
1476 2706 1510 2739 S.
1581 2711 1597 2729 e
1617 2720 1678 2748 μη-

160 2761 226 2795 δέν’
246 2762 428 2794 Dobraeus.
464 2761 662 2804 Legebatur
680 2761 794 2802 μηδέν.
917 2757 931 2783 f
949 2759 1121 2804 ὑπόλογον
1142 2760 1317 2793 Reiskius.
1350 2759 1414 2793 ὑπὸ
1434 2760 1540 2803 λόγον
1560 2758 1677 2801 vulgo.

161 2815 345 2859 ὑπόλογον,
366 2820 511 2847 accentu
532 2814 645 2857 priore
666 2825 775 2852 eraso,
796 2815 839 2846 A.
938 2818 958 2845 g
977 2811 1156 2857 μηδέποτ’]
1180 2811 1302 2855 μήποτ’
1323 2813 1396 2845 A.1·.
1487 2807 1506 2833 h
1527 2809 1674 2854 σαυτοῦ]

161 2870 226 2900 σοῦ
247 2867 287 2901 F.
418 2863 427 2889 i
449 2866 552 2899 ταύτὰ
574 2866 608 2899 S.
643 2866 684 2898 τὰ
704 2865 788 2898 αὐτὰ
807 2866 925 2910 vulgo,
948 2865 1042 2910 quod
1061 2876 1132 2898 om.
1154 2866 1225 2898 Am.
1364 2861 1383 2887 k
1406 2862 1493 2908 ἥξει]
1519 2862 1587 2904 ἥκει
1606 2862 1678 2895 A.r.

163 2919 168 2940 ¹
188 2919 350 2965 ταυτασὶ]
372 2917 495 2953 ταύτας
516 2920 586 2952 A.r.
661 2924 687 2939 m
709 2917 962 2963 MAPTYPIAI]
989 2922 1205 2950 ΜΑΡΤΥΡῙΑ
1226 2918 1267 2949 Α.
1347 2922 1365 2939 ¹¹
1386 2915 1558 2960 χρήσιμον
1577 2913 1680 2947 αὑτὸν

161 2971 402 3019 παρασχόντα]
427 2973 651 3016 παρασχόντα
670 2969 840 3014 χρήσιμον
859 2970 961 3003 αὑτὸν
983 2969 1068 3007 ΡΗΩ
