1965 3236
43 146 200 202 —823‚
220 164 270 187 18.
693 154 835 190 ΚΑΤΑ
868 153 1089 190 ΑΦΟΒΟΥ
1120 156 1167 191 Α.
1598 155 1682 194 857

773 278 819 318 M
826 280 857 318 Α
867 279 1025 318 PTTPI
1032 280 1063 319 Α
1072 312 1079 319 .

100 367 154 408 35
243 348 501 416 Σκέψασθε
526 350 680 399 τοίνυν
707 349 824 399 ὅσον
851 350 1072 416 ἀργύριον
1093 350 1217 401 οῦτοι
1243 350 1372 417 παρὰ
1394 349 1501 403 τοὺς
1527 357 1682 400 κλινο-
1695 376 1736 398 20

167 430 326 484 ποιοὺς
369 432 640 495 κλέπτουσι,
681 433 1024 499 τετταράκοντα
1067 434 1151 498 μὲν
1195 440 1312 497 μνᾶς
1351 434 1463 484 αὐτὸ
1501 432 1555 484 τὸ
1593 436 1680 499 ἀρ-

166 521 313 582 χαῖον,
351 516 460 567 δέκα
499 518 535 567 δ’
576 519 690 567 ἐτῶν
728 516 781 567 τὸ
821 518 959 583 ἔργον
997 519 1149 568 αὐτῶν
1188 518 1271 568 δύο
1309 517 1537 568 τάλαντα·
1587 517 1680 567 δώ-

167 602 278 650 δεκα
303 597 428 666 ᾱγάρ
459 605 577 663 μνᾶς
603 599 806 652 ἑκάστου
840 608 923 652 τοῦ
959 604 1168 652 ἐνιαυτοῦ
1206 600 1292 664 τὴν
1322 600 1563 667 πρόσοδον
1595 601 1678 650 αὐ-

165 688 259 733 τῶν
297 684 584 746 ἐλάμβανον.
649 683 739 751 ἇρα
783 684 948 752 μικρόν
988 709 1033 737 τι
1077 688 1151 736 καὶ
1197 686 1253 754 ἐξ
1287 688 1496 754 ἀφανοῦς
1539 689 1683 735 ποθεν
1698 708 1733 739 25

166 769 240 817 καὶ
291 769 716 833 παραλογίσασθαι
767 769 941 837 ῥᾴδιον,
987 771 1096 820 ἀλλ’
1143 770 1196 820 οὐ
1247 773 1460 837 φανερῶς
1510 771 1684 819 οὑτωσὶ
1737 759 1745 766 ν

164 857 329 917 μικροῦ
354 854 475 902 θδεῖν
500 852 605 917 τρία
638 852 851 903 τάλαντα
884 859 1033 904 ταῦτα
1065 851 1425 918 ἀνηρπάκασιν;
1466 851 1529 902 ὧν
1555 855 1684 919 κοινῇ

166 935 580 1003 διαπεφορημένων
611 934 664 986 τὸ
697 937 854 1002 τρίτον
887 936 1036 1000 δήπου
1070 936 1206 1002 μέρος
1240 935 1369 1002 παρὰ
1402 935 1568 988 τούτου
1605 958 1685 999 μοι

164 1017 394 1082 προσήκει
421 1019 710 1080 κεκομίσθαι.

97 1108 153 1158 36
242 1102 337 1151 Καὶ
369 1099 477 1164 μὴν,
503 1099 538 1150 ὦ
572 1100 735 1168 ἄνδρες
768 1103 998 1163 δικασταὶ,
1026 1104 1102 1151 καὶ
1135 1101 1195 1152 τὰ
1227 1103 1331 1169 περὶ
1369 1108 1452 1152 τοῦ
1487 1102 1780 1170 ε’λέφαν-823

164 1207 244 1237 τος
289 1187 365 1235 καὶ
414 1184 612 1251 σιδήρου
656 1191 739 1236 τοῦ
790 1185 1185 1254 καταλειφθέντος
1226 1185 1545 1252 παραπλήσιά
1586 1208 1686 1238 πως

1112 1269 1125 1296 f

164 1268 345 1322 τούτοις
403 1268 730 1333 πεποιήκασιν·
798 1268 902 1319 οὐδὲ
961 1269 1053 1335 γὰρ
1138 1271 1264 1320 ταῦτ’
1319 1270 1680 1338 ἀποφαίνουσιν.

164 1353 314 1402 καίτοι
349 1352 628 1415 κεκτημένον
661 1352 747 1416 μὲν
782 1352 1037 1406 τοσούτους
1073 1352 1381 1415 κλινοποιοὺς,
1408 1351 1686 1416 κεκτημένον

165 1435 215 1487 δὲ
248 1435 613 1503 μαχαιροποιοὺς
650 1439 738 1505 οὐχ
770 1437 867 1488 οἷόν
901 1460 951 1488 τε
988 1436 1053 1501 μὴ
1089 1438 1223 1504 ἕούχὶ
1262 1439 1338 1487 καὶ
1375 1438 1571 1502 σίδηρον
1609 1438 1715 1491 καὶ5

165 1521 403 1588 ἐλέφαντα
454 1527 741 1583 καταλιπεῖν,
788 1523 897 1572 ἀλλ’
939 1522 1119 1587 ἀνάγκη
1164 1521 1313 1572 ταῦτά
1356 1523 1399 1586 γ’
1442 1521 1681 1588 ὑπάρχειν·

98 1603 247 1663 37th
274 1604 364 1670 γὰρ
393 1604 449 1654 ἂν
475 1604 760 1671 Ῑεὶργάζοντο
793 1605 971 1656 τούτων
1003 1605 1067 1669 μὴ
1095 1605 1437 1673 ὑπαρξάντωνς
1477 1604 1559 1655 τὸν
1584 1605 1681 1655 τοί-

165 1712 247 1738 νυν
273 1687 442 1739 ιςπλεῖν
469 1688 496 1752 ὴ
523 1688 811 1752 πεντήκοντα
838 1688 1108 1754 ἀνδράποδα
1142 1688 1420 1752 κεκτημένον
1451 1690 1526 1738 καὶ
1559 1691 1686 1739 δυοῖν

387 1771 785 1835 ιε’πιμελούμενον,
822 1770 887 1823 ὧν
925 1772 1120 1838 θάτερον
1158 1771 1469 1838 ἐργαστήριον
1506 1776 1568 1825 εἷς
1601 1771 1738 1825 τάςιο

163 1772 349 1839 τέχναιν

164 1857 363 1909 ΠΙκλίνας
390 1857 559 1924 ῥαδίως
587 1855 668 1906 δύο
699 1860 817 1919 μνᾶς
847 1861 930 1906 τοῦ
961 1855 1107 1919 μηνὸς
1134 1855 1390 1919 ἀνήλισκεν
1416 1856 1685 1922 ἐλέφαντος,

164 1938 218 1990 τὸ
246 1939 293 1990 δὲ
319 1947 337 1966 ¹³
347 1946 725 2007 μαχαιροποιεῖον
753 1942 835 1991 οὐκ
862 1940 1066 1991 ἔλαττον
1092 1940 1119 2004 ἢ
1144 1946 1374 1990 τοσοῦτον
1402 1940 1571 2005 ἕτερον,
1595 1937 1686 1989 σῦν

165 2022 360 2092 σιδήρῳ,
380 2028 545 2073 τοῦτον
566 2024 623 2073 οὔ
646 2026 770 2090 φασι
797 2027 1069 2073 καταλιπεῖν
1096 2020 1228 2072 οὐδὲν
1248 2021 1438 2072 τούτων·
1475 2025 1536 2075 εἰς
1561 2022 1683 2072 τοῦτ’

98 2110 152 2164 38
167 2107 396 2159 ἀναιδείας
434 2105 743 2169 ἐληλύθασιν.
804 2105 875 2156 ὅτι
917 2105 1001 2168 μὲν
1039 2106 1152 2156 Οοὖν
1190 2106 1243 2155 οὐ
1284 2104 1435 2156 πιστὰ
1472 2105 1683 2169 λέγουσι,

166 2192 241 2240 καὶ
280 2191 329 2239 ἐκ
367 2189 545 2240 τούτων
583 2190 736 2239 αὐτῶν
772 2187 931 2257 ῥᾴδιόν
969 2190 1072 2238 ἐστι
1109 2192 1287 2251 μαθεῖν.
1347 2188 1416 2238 ὅτι
1452 2190 1488 2238 δ’
1518 2190 1684 2240 ἐκεῖνος
1700 2213 1733 2244 15

165 2273 419 2323 Ρκατέλιπε
453 2278 683 2323 τοσοῦτον
708 2272 761 2323 τὸ
786 2275 983 2335 πλῆθος,
1011 2269 1134 2321 ὥστε
1166 2270 1230 2334 μὴ
1260 2270 1405 2334 μόνον
1432 2269 1589 2320 ἱκανὸν
1616 2268 1680 2320 εἶ-

165 2378 238 2405 ναι
276 2355 643 2421 κατεργάζεσθαι
681 2360 777 2408 τοῖς
812 2358 976 2406 ἑαυτοῦ
1011 2357 1307 2420 δημιουργοῖς
1343 2353 1473 2404 ἀλλὰ
1508 2355 1584 2403 καὶ
1618 2356 1684 2421 τῷ

219 2542 238 2570 d
257 2545 339 2591 γὰρ]
365 2546 401 2579 δὲ
421 2558 449 2580 r.
522 2551 537 2570 e
558 2545 644 2592 δεῖν]
666 2546 717 2579 δεῖ
735 2558 787 2591 pr.
807 2546 864 2580 S.:
896 2546 957 2580 sed
977 2560 994 2579 ν
1013 2545 1146 2579 addidit
1166 2557 1289 2580 manus
1313 2546 1466 2591 antiqua.
1536 2541 1551 2568 f
1567 2541 1679 2589 ταῦτ’]

167 2607 267 2665 τῖῦτὲ
289 2632 328 2666 F.
403 2637 423 2665 g
443 2632 537 2677 οὐχὶ]
563 2632 602 2664 οὐ
622 2633 694 2666 Am.
775 2629 795 2656 h
815 2631 864 2677 τί]
889 2632 963 2665 τίνα
982 2632 1021 2665 F.
1096 2629 1105 2656 i
1126 2631 1335 2676 εἰργάζοντο]
1361 2630 1544 2676 ἠργάζοντο
1567 2630 1602 2664 S.
1624 2629 1683 2674 qui

167 2685 216 2718 sie
234 2696 305 2718 non
326 2697 426 2725 raro3
452 2686 651 2730 pariterque
671 2685 810 2728 ἥθισμαι
831 2697 894 2730 pro
915 2683 1075 2727 εἴθισμαι.
1110 2685 1191 2718 Vid.
1215 2685 1258 2718 ad
1278 2697 1311 2730 p.
1326 2695 1415 2728 301,
1438 2681 1491 2717 16.
1515 2682 1603 2728 805,
1620 2682 1680 2715 26.

169 2735 258 2777 816,
280 2748 337 2784 19.
362 2736 449 2783 833,
466 2736 526 2772 26.
547 2747 639 2786 974,
657 2747 856 2785 291351,
874 2749 933 2772 22.
960 2736 1072 2783 1361,
1091 2744 1288 2784 27.1405‚
1308 2748 1367 2772 22.
1522 2732 1541 2759 k
1562 2734 1677 2779 πλεῖν]

169 2790 392 2824 Scribehatur
411 2792 527 2832 πλέον,
545 2792 639 2836 quod
659 2803 728 2824 om.
748 2804 800 2836 pr.
821 2791 855 2824 S.
886 2791 966 2825 vicl.
988 2791 1032 2824 ad
1053 2803 1085 2835 p.
1102 2797 1190 2837 50⁸3,
1209 2789 1267 2824 18.
1397 2786 1677 2833 ἐπιμελούμενον]

168 2843 304 2877 Literas
323 2845 428 2887 μελου
449 2856 468 2877 a
487 2856 534 2878 m.
557 2844 700 2889 antiqua
720 2844 971 2889 superscriptas
994 2844 1097 2878 habet
1120 2844 1156 2878 S.
1311 2849 1341 2867 m
1362 2841 1490 2886 κλίνας]
1514 2841 1633 2884 τέχνας
1653 2852 1681 2874 r.

169 2902 189 2920 Π
208 2896 501 2942 μαχαιροποιεῖον]
522 2899 778 2942 μαχαιροποιεῖν
798 2898 837 2932 F.
858 2902 892 2931 et
912 2909 963 2942 pr.
986 2898 1020 2930 S.
1123 2902 1141 2920 0
1162 2895 1220 2929 οῦν
1240 2908 1308 2929 0111.
1330 2908 1355 2928 r.
1458 2899 1477 2926 P
1497 2892 1676 2938 κατέλιπε]

169 2950 344 2983 κατέλειπε
367 2950 401 2983 S.

891 3023 960 3050 (¹2
