<?xml version="1.0" encoding="UTF-8"?>
<!DOCTYPE html PUBLIC "-//W3C//DTD XHTML 1.0 Transitional//EN"
    "http://www.w3.org/TR/xhtml1/DTD/xhtml1-transitional.dtd">
<html xmlns="http://www.w3.org/1999/xhtml" xml:lang="en" lang="en">
 <head>
  <title>
</title>
<meta http-equiv="Content-Type" content="text/html;charset=utf-8" />
  <meta name='ocr-system' content='tesseract 3.04.00' />
  <meta name='ocr-capabilities' content='ocr_page ocr_carea ocr_par ocr_line ocrx_word'/>
</head>
<body>
  <div class='ocr_page' id='page_1' title='image "./operaexrecension03demouoft_0077.png"; bbox 0 0 1965 3236; ppageno 0'>
   <div class='ocr_carea' id='block_1_1' title="bbox 24 174 1657 228">
    <p class='ocr_par' dir='ltr' id='par_1_1' title="bbox 24 174 1657 228">
     <span class='ocr_line' id='line_1_1' title="bbox 24 174 1657 228; baseline 0.004 -15"><span class='ocrx_word' id='word_1_1' title='bbox 24 174 177 228; x_wconf 85' lang='lat'>——885‚</span> <span class='ocrx_word' id='word_1_2' title='bbox 196 192 227 214; x_wconf 77' lang='lat'>4.</span> <span class='ocrx_word' id='word_1_3' title='bbox 636 179 777 215; x_wconf 83' lang='grc' dir='ltr'>ΠΡΟΣ</span> <span class='ocrx_word' id='word_1_4' title='bbox 811 179 1163 216; x_wconf 85' lang='grc' dir='ltr'>ΖΗΝΟΘΕΜΙΝ.</span> <span class='ocrx_word' id='word_1_5' title='bbox 1571 178 1657 221; x_wconf 75' lang='grc'>917</span> 
     </span>
    </p>
   </div>
   <div class='ocr_carea' id='block_1_2' title="bbox 85 284 1712 1345">
    <p class='ocr_par' dir='ltr' id='par_1_2' title="bbox 85 284 1712 1345">
     <span class='ocr_line' id='line_1_2' title="bbox 146 284 1658 351; baseline 0.002 -17"><span class='ocrx_word' id='word_1_6' title='bbox 146 284 252 337; x_wconf 77' lang='grc' dir='ltr'>τοῦς</span> <span class='ocrx_word' id='word_1_7' title='bbox 288 285 456 338; x_wconf 84' lang='grc' dir='ltr'>ναύτας</span> <span class='ocrx_word' id='word_1_8' title='bbox 495 289 557 339; x_wconf 80' lang='grc' dir='ltr'>εἷς</span> <span class='ocrx_word' id='word_1_9' title='bbox 594 285 675 336; x_wconf 84' lang='grc' dir='ltr'>τὸν</span> <span class='ocrx_word' id='word_1_10' title='bbox 711 286 889 349; x_wconf 78' lang='grc' dir='ltr'>λέμβον</span> <span class='ocrx_word' id='word_1_11' title='bbox 922 295 941 313; x_wconf 78' lang='lat'>¹¹</span> <span class='ocrx_word' id='word_1_12' title='bbox 958 289 1186 347; x_wconf 84' lang='grc' dir='ltr'>ἐκβαίνειν</span> <span class='ocrx_word' id='word_1_13' title='bbox 1223 291 1297 338; x_wconf 78' lang='grc' dir='ltr'>καὶ</span> <span class='ocrx_word' id='word_1_14' title='bbox 1334 291 1538 339; x_wconf 81' lang='grc' dir='ltr'>ἐκλιπεῖν</span> <span class='ocrx_word' id='word_1_15' title='bbox 1573 288 1658 351; x_wconf 84' lang='grc' dir='ltr'>τὴν</span> 
     </span>
     <span class='ocr_line' id='line_1_3' title="bbox 146 368 1658 438; baseline 0.003 -20"><span class='ocrx_word' id='word_1_16' title='bbox 146 374 259 418; x_wconf 84' lang='grc' dir='ltr'>ναῦν</span> <span class='ocrx_word' id='word_1_17' title='bbox 293 368 378 432; x_wconf 85' lang='grc' dir='ltr'>τὴν</span> <span class='ocrx_word' id='word_1_18' title='bbox 415 371 659 435; x_wconf 82' lang='grc' dir='ltr'>ταχίστην,</span> <span class='ocrx_word' id='word_1_19' title='bbox 694 372 755 423; x_wconf 83' lang='grc' dir='ltr'>ὡς</span> <span class='ocrx_word' id='word_1_20' title='bbox 791 373 1079 421; x_wconf 84' lang='grc' dir='ltr'>ἀνελπίστου</span> <span class='ocrx_word' id='word_1_21' title='bbox 1118 374 1201 434; x_wconf 84' lang='grc' dir='ltr'>τῆς</span> <span class='ocrx_word' id='word_1_22' title='bbox 1238 373 1474 438; x_wconf 75' lang='grc' dir='ltr'>σωτηρίας</span> <span class='ocrx_word' id='word_1_23' title='bbox 1513 374 1658 434; x_wconf 80' lang='grc' dir='ltr'>οὔσης</span> 
     </span>
     <span class='ocr_line' id='line_1_4' title="bbox 147 452 1653 519; baseline 0.003 -19"><span class='ocrx_word' id='word_1_24' title='bbox 147 453 221 501; x_wconf 77' lang='grc' dir='ltr'>καὶ</span> <span class='ocrx_word' id='word_1_25' title='bbox 254 453 633 515; x_wconf 76' lang='grc' dir='ltr'>καταδυσομένης</span> <span class='ocrx_word' id='word_1_26' title='bbox 667 456 749 514; x_wconf 77' lang='grc' dir='ltr'>τῆς</span> <span class='ocrx_word' id='word_1_27' title='bbox 788 452 898 506; x_wconf 84' lang='grc' dir='ltr'>νεὼς</span> <span class='ocrx_word' id='word_1_28' title='bbox 933 455 1095 503; x_wconf 81' lang='grc' dir='ltr'>αὐτίκα</span> <span class='ocrx_word' id='word_1_29' title='bbox 1129 453 1276 515; x_wconf 78' lang='grc' dir='ltr'>μάλα,</span> <span class='ocrx_word' id='word_1_30' title='bbox 1311 455 1383 516; x_wconf 79' lang='grc' dir='ltr'>ἵν’,</span> <span class='ocrx_word' id='word_1_31' title='bbox 1417 454 1530 519; x_wconf 79' lang='grc' dir='ltr'>ὅπερ</span> <span class='ocrx_word' id='word_1_32' title='bbox 1563 458 1653 504; x_wconf 90' lang='grc' dir='ltr'>διε-</span> 
     </span>
     <span class='ocr_line' id='line_1_5' title="bbox 147 533 1658 599; baseline 0.002 -16"><span class='ocrx_word' id='word_1_33' title='bbox 147 533 400 597; x_wconf 85' lang='grc' dir='ltr'>νοήθησαν,</span> <span class='ocrx_word' id='word_1_34' title='bbox 441 536 592 584; x_wconf 53' lang='grc' dir='ltr'>Χτοῦτ’</span> <span class='ocrx_word' id='word_1_35' title='bbox 633 537 950 598; x_wconf 65' lang='grc' dir='ltr'>ἐπιτελεσθείη</span> <span class='ocrx_word' id='word_1_36' title='bbox 990 538 1064 585; x_wconf 78' lang='grc' dir='ltr'>καὶ</span> <span class='ocrx_word' id='word_1_37' title='bbox 1102 537 1130 599; x_wconf 82' lang='grc' dir='ltr'>ἡ</span> <span class='ocrx_word' id='word_1_38' title='bbox 1171 543 1278 589; x_wconf 91' lang='grc' dir='ltr'>ναῦς</span> <span class='ocrx_word' id='word_1_39' title='bbox 1318 536 1544 587; x_wconf 81' lang='grc' dir='ltr'>ἀπόλοιτο</span> <span class='ocrx_word' id='word_1_40' title='bbox 1582 539 1658 587; x_wconf 76' lang='grc' dir='ltr'>καὶ</span> 
     </span>
     <span class='ocr_line' id='line_1_6' title="bbox 85 617 1712 685; baseline 0.002 -18"><span class='ocrx_word' id='word_1_41' title='bbox 85 641 133 667; x_wconf 85' lang='grc' dir='ltr'>ιο</span> <span class='ocrx_word' id='word_1_42' title='bbox 148 617 207 667; x_wconf 79' lang='grc' dir='ltr'>τὰ</span> <span class='ocrx_word' id='word_1_43' title='bbox 241 618 516 679; x_wconf 80' lang='grc' dir='ltr'>συμβόλαια</span> <span class='ocrx_word' id='word_1_44' title='bbox 553 618 946 684; x_wconf 87' lang='grc' dir='ltr'>ἀποστερήσαιεν.</span> <span class='ocrx_word' id='word_1_45' title='bbox 1003 619 1252 685; x_wconf 81' lang='grc' dir='ltr'>ἀποτυχὼν</span> <span class='ocrx_word' id='word_1_46' title='bbox 1290 619 1337 670; x_wconf 79' lang='grc' dir='ltr'>δὲ</span> <span class='ocrx_word' id='word_1_47' title='bbox 1371 620 1548 681; x_wconf 80' lang='grc' dir='ltr'>τούτου,</span> <span class='ocrx_word' id='word_1_48' title='bbox 1583 622 1658 670; x_wconf 75' lang='grc' dir='ltr'>καὶ</span> <span class='ocrx_word' id='word_1_49' title='bbox 1676 645 1712 665; x_wconf 87' lang='grc' dir='ltr'>ιο</span> 
     </span>
     <span class='ocr_line' id='line_1_7' title="bbox 145 701 1659 765; baseline 0.003 -15"><span class='ocrx_word' id='word_1_50' title='bbox 145 707 227 750; x_wconf 90' lang='grc' dir='ltr'>τοῦ</span> <span class='ocrx_word' id='word_1_51' title='bbox 273 702 378 765; x_wconf 81' lang='grc' dir='ltr'>παρ’</span> <span class='ocrx_word' id='word_1_52' title='bbox 421 701 552 763; x_wconf 81' lang='grc' dir='ltr'>ἡμῶν</span> <span class='ocrx_word' id='word_1_53' title='bbox 591 709 606 735; x_wconf 67' lang='lat' dir='ltr'>y</span> <span class='ocrx_word' id='word_1_54' title='bbox 621 702 947 764; x_wconf 80' lang='grc' dir='ltr'>συμπλέοντος</span> <span class='ocrx_word' id='word_1_55' title='bbox 985 702 1368 755; x_wconf 62' lang='grc' dir='ltr'>Ζἐναντιωθέντος</span> <span class='ocrx_word' id='word_1_56' title='bbox 1411 705 1520 752; x_wconf 67' lang='grc' dir='ltr'>ἢκαὶ</span> <span class='ocrx_word' id='word_1_57' title='bbox 1564 708 1659 755; x_wconf 82' lang='grc' dir='ltr'>τοῖς</span> 
     </span>
     <span class='ocr_line' id='line_1_8' title="bbox 146 782 1660 850; baseline 0.002 -17"><span class='ocrx_word' id='word_1_58' title='bbox 146 783 331 836; x_wconf 81' lang='grc' dir='ltr'>ναύταις</span> <span class='ocrx_word' id='word_1_59' title='bbox 382 782 631 846; x_wconf 68' lang='grc' dir='ltr'>1)μισθοῦς,</span> <span class='ocrx_word' id='word_1_60' title='bbox 682 789 719 834; x_wconf 82' lang='grc' dir='ltr'>εἶ</span> <span class='ocrx_word' id='word_1_61' title='bbox 777 785 1062 834; x_wconf 85' lang='grc' dir='ltr'>διασώσαιεν</span> <span class='ocrx_word' id='word_1_62' title='bbox 1113 785 1197 847; x_wconf 81' lang='grc' dir='ltr'>τὴν</span> <span class='ocrx_word' id='word_1_63' title='bbox 1248 791 1374 845; x_wconf 89' lang='grc' dir='ltr'>ναῦν,</span> <span class='ocrx_word' id='word_1_64' title='bbox 1427 784 1660 850; x_wconf 79' lang='grc' dir='ltr'>μεγάλους</span> 
     </span>
     <span class='ocr_line' id='line_1_9' title="bbox 145 866 1658 935; baseline 0.004 -20"><span class='ocrx_word' id='word_1_65' title='bbox 145 867 557 931; x_wconf 77' lang='grc' dir='ltr'>ἐπαγγειλαμένου,</span> <span class='ocrx_word' id='word_1_66' title='bbox 597 868 835 930; x_wconf 84' lang='grc' dir='ltr'>σωθείσης</span> <span class='ocrx_word' id='word_1_67' title='bbox 875 871 936 919; x_wconf 81' lang='grc' dir='ltr'>εἰς</span> <span class='ocrx_word' id='word_1_68' title='bbox 975 875 990 893; x_wconf 72' lang='grc'>(’</span> <span class='ocrx_word' id='word_1_69' title='bbox 1010 869 1352 935; x_wconf 83' lang='grc' dir='ltr'>Κεφαλληνίαν</span> <span class='ocrx_word' id='word_1_70' title='bbox 1390 871 1473 930; x_wconf 82' lang='grc' dir='ltr'>τῆς</span> <span class='ocrx_word' id='word_1_71' title='bbox 1511 866 1658 921; x_wconf 58' lang='grc' dir='ltr'>(Ῑνεὼς</span> 
     </span>
     <span class='ocr_line' id='line_1_10' title="bbox 146 949 1658 1015; baseline 0.001 -16"><span class='ocrx_word' id='word_1_72' title='bbox 146 949 220 999; x_wconf 73' lang='grc' dir='ltr'>διὰ</span> <span class='ocrx_word' id='word_1_73' title='bbox 247 949 350 1002; x_wconf 80' lang='grc' dir='ltr'>τοῦς</span> <span class='ocrx_word' id='word_1_74' title='bbox 377 950 506 1003; x_wconf 71' lang='grc' dir='ltr'>θεοὺς</span> <span class='ocrx_word' id='word_1_75' title='bbox 537 950 751 1012; x_wconf 79' lang='grc' dir='ltr'>μάλιστά</span> <span class='ocrx_word' id='word_1_76' title='bbox 782 974 848 1015; x_wconf 80' lang='grc' dir='ltr'>γε,</span> <span class='ocrx_word' id='word_1_77' title='bbox 877 950 970 1001; x_wconf 77' lang='grc' dir='ltr'>εἶτα</span> <span class='ocrx_word' id='word_1_78' title='bbox 998 954 1099 1001; x_wconf 78' lang='grc' dir='ltr'>Ε’καὶ</span> <span class='ocrx_word' id='word_1_79' title='bbox 1127 951 1200 1001; x_wconf 74' lang='grc' dir='ltr'>διὰ</span> <span class='ocrx_word' id='word_1_80' title='bbox 1233 951 1318 1013; x_wconf 84' lang='grc' dir='ltr'>τὴν</span> <span class='ocrx_word' id='word_1_81' title='bbox 1351 956 1445 1000; x_wconf 88' lang='grc' dir='ltr'>τῶν</span> <span class='ocrx_word' id='word_1_82' title='bbox 1480 956 1658 1001; x_wconf 80' lang='grc' dir='ltr'>ναυτῶν</span> 
     </span>
     <span class='ocr_line' id='line_1_11' title="bbox 146 1032 1710 1098; baseline 0.001 -16"><span class='ocrx_word' id='word_1_83' title='bbox 146 1032 327 1098; x_wconf 84' lang='grc' dir='ltr'>ἀρετὴν,</span> <span class='ocrx_word' id='word_1_84' title='bbox 365 1032 511 1083; x_wconf 80' lang='grc' dir='ltr'>πάλιν</span> <span class='ocrx_word' id='word_1_85' title='bbox 548 1033 665 1095; x_wconf 80' lang='grc' dir='ltr'>μετὰ</span> <span class='ocrx_word' id='word_1_86' title='bbox 703 1038 796 1083; x_wconf 88' lang='grc' dir='ltr'>τῶν</span> <span class='ocrx_word' id='word_1_87' title='bbox 838 1038 1215 1084; x_wconf 82' lang='grc' dir='ltr'>Μασσαλιωτῶν</span> <span class='ocrx_word' id='word_1_88' title='bbox 1253 1039 1346 1083; x_wconf 88' lang='grc' dir='ltr'>τῶν</span> <span class='ocrx_word' id='word_1_89' title='bbox 1385 1040 1466 1083; x_wconf 86' lang='grc' dir='ltr'>τοῦ</span> <span class='ocrx_word' id='word_1_90' title='bbox 1505 1035 1653 1098; x_wconf 71' lang='lat' dir='ltr'><em>‘Hye-</em></span> <span class='ocrx_word' id='word_1_91' title='bbox 1676 1059 1710 1088; x_wconf 87' lang='lat'>15</span> 
     </span>
     <span class='ocr_line' id='line_1_12' title="bbox 146 1115 1660 1182; baseline 0.001 -17"><span class='ocrx_word' id='word_1_92' title='bbox 146 1115 352 1181; x_wconf 76' lang='grc' dir='ltr'>στράτου</span> <span class='ocrx_word' id='word_1_93' title='bbox 374 1120 584 1165; x_wconf 89' lang='grc' dir='ltr'>πολιτῶν</span> <span class='ocrx_word' id='word_1_94' title='bbox 609 1115 673 1178; x_wconf 83' lang='grc' dir='ltr'>μὴ</span> <span class='ocrx_word' id='word_1_95' title='bbox 695 1121 951 1165; x_wconf 77' lang='grc' dir='ltr'>καταπλεῖν</span> <span class='ocrx_word' id='word_1_96' title='bbox 970 1115 1197 1180; x_wconf 73' lang='grc' dir='ltr'>Ἀθήναζε</span> <span class='ocrx_word' id='word_1_97' title='bbox 1223 1116 1275 1166; x_wconf 81' lang='grc' dir='ltr'>τὸ</span> <span class='ocrx_word' id='word_1_98' title='bbox 1296 1122 1466 1166; x_wconf 82' lang='grc' dir='ltr'>πλοῖον</span> <span class='ocrx_word' id='word_1_99' title='bbox 1491 1118 1660 1182; x_wconf 74' lang='grc' dir='ltr'>ἔπρατ-</span> 
     </span>
     <span class='ocr_line' id='line_1_13' title="bbox 146 1197 1662 1265; baseline 0 -17"><span class='ocrx_word' id='word_1_100' title='bbox 146 1221 211 1260; x_wconf 83' lang='grc' dir='ltr'>τε,-</span> <span class='ocrx_word' id='word_1_101' title='bbox 242 1199 395 1263; x_wconf 77' lang='grc' dir='ltr'>λέγων</span> <span class='ocrx_word' id='word_1_102' title='bbox 431 1200 491 1250; x_wconf 78' lang='grc' dir='ltr'>ὡς</span> <span class='ocrx_word' id='word_1_103' title='bbox 527 1198 663 1250; x_wconf 83' lang='grc' dir='ltr'>αὐτός</span> <span class='ocrx_word' id='word_1_104' title='bbox 700 1220 747 1247; x_wconf 89' lang='grc' dir='ltr'>τε</span> <span class='ocrx_word' id='word_1_105' title='bbox 786 1201 861 1248; x_wconf 79' lang='grc' dir='ltr'>καὶ</span> <span class='ocrx_word' id='word_1_106' title='bbox 900 1197 958 1248; x_wconf 79' lang='grc' dir='ltr'>τὰ</span> <span class='ocrx_word' id='word_1_107' title='bbox 997 1198 1196 1265; x_wconf 76' lang='grc' dir='ltr'>χρήματ’</span> <span class='ocrx_word' id='word_1_108' title='bbox 1231 1200 1399 1249; x_wconf 75' lang='grc' dir='ltr'>ἐκεῖθέν</span> <span class='ocrx_word' id='word_1_109' title='bbox 1439 1202 1554 1260; x_wconf 86' lang='grc' dir='ltr'>ἐστι,</span> <span class='ocrx_word' id='word_1_110' title='bbox 1587 1201 1662 1249; x_wconf 76' lang='grc' dir='ltr'>καὶ</span> 
     </span>
     <span class='ocr_line' id='line_1_14' title="bbox 87 1281 1656 1345; baseline 0.001 -15"><span class='ocrx_word' id='word_1_111' title='bbox 87 1304 127 1330; x_wconf 87' lang='lat'>11</span> <span class='ocrx_word' id='word_1_112' title='bbox 148 1283 172 1331; x_wconf 87' lang='grc' dir='ltr'>ὁ</span> <span class='ocrx_word' id='word_1_113' title='bbox 201 1281 459 1345; x_wconf 81' lang='grc' dir='ltr'>ναύκληρος</span> <span class='ocrx_word' id='word_1_114' title='bbox 491 1281 557 1344; x_wconf 85' lang='grc' dir='ltr'>εἰἠ</span> <span class='ocrx_word' id='word_1_115' title='bbox 584 1283 658 1330; x_wconf 77' lang='grc' dir='ltr'>καὶ</span> <span class='ocrx_word' id='word_1_116' title='bbox 694 1284 735 1331; x_wconf 78' lang='grc' dir='ltr'>οὶ</span> <span class='ocrx_word' id='word_1_117' title='bbox 767 1281 1075 1334; x_wconf 87' lang='grc' dir='ltr'>δεδανεικότες</span> <span class='ocrx_word' id='word_1_118' title='bbox 1105 1286 1481 1332; x_wconf 82' lang='grc' dir='ltr'>Μασσαλιῶται.</span> <span class='ocrx_word' id='word_1_119' title='bbox 1537 1285 1656 1332; x_wconf 85' lang='grc' dir='ltr'>ἀπο-</span> 
     </span>
    </p>
   </div>
   <div class='ocr_carea' id='block_1_3' title="bbox 356 1362 1716 1431">
    <p class='ocr_par' dir='ltr' id='par_1_3' title="bbox 356 1362 1716 1431">
     <span class='ocr_line' id='line_1_15' title="bbox 356 1362 1716 1431; baseline 0.001 -18"><span class='ocrx_word' id='word_1_120' title='bbox 356 1362 502 1414; x_wconf 53' lang='lat' dir='ltr'>Nm)</span> <span class='ocrx_word' id='word_1_121' title='bbox 536 1363 715 1424; x_wconf 77' lang='grc' dir='ltr'>τούτου,</span> <span class='ocrx_word' id='word_1_122' title='bbox 743 1366 817 1413; x_wconf 72' lang='grc' dir='ltr'>καὶ</span> <span class='ocrx_word' id='word_1_123' title='bbox 851 1368 944 1414; x_wconf 86' lang='grc' dir='ltr'>τῶν</span> <span class='ocrx_word' id='word_1_124' title='bbox 981 1363 1222 1430; x_wconf 80' lang='grc' dir='ltr'>ἀρχόντων</span> <span class='ocrx_word' id='word_1_125' title='bbox 1257 1370 1350 1414; x_wconf 89' lang='grc' dir='ltr'>τῶν</span> <span class='ocrx_word' id='word_1_126' title='bbox 1387 1367 1434 1414; x_wconf 91' lang='grc' dir='ltr'>ἐν</span> <span class='ocrx_word' id='word_1_127' title='bbox 1468 1369 1526 1431; x_wconf 83' lang='grc' dir='ltr'>τῇ</span> <span class='ocrx_word' id='word_1_128' title='bbox 1562 1368 1655 1414; x_wconf 86' lang='grc' dir='ltr'>Κε-</span> <span class='ocrx_word' id='word_1_129' title='bbox 1677 1390 1716 1410; x_wconf 89' lang='lat'>20</span> 
     </span>
    </p>
   </div>
   <div class='ocr_carea' id='block_1_4' title="bbox 87 1364 1759 2342">
    <p class='ocr_par' dir='ltr' id='par_1_4' title="bbox 145 1364 1713 1928">
     <span class='ocr_line' id='line_1_16' title="bbox 145 1364 354 1430; baseline -0.005 -16"><span class='ocrx_word' id='word_1_130' title='bbox 145 1364 300 1430; x_wconf 83' lang='grc' dir='ltr'>τυχὼν</span> <span class='ocrx_word' id='word_1_131' title='bbox 327 1367 354 1414; x_wconf 93' lang='grc' dir='ltr'>δ</span> 
     </span>
     <span class='ocr_line' id='line_1_17' title="bbox 146 1445 1661 1515; baseline 0 -19"><span class='ocrx_word' id='word_1_132' title='bbox 146 1448 394 1515; x_wconf 74' lang='grc' dir='ltr'>φαλληνίᾳ</span> <span class='ocrx_word' id='word_1_133' title='bbox 418 1445 627 1511; x_wconf 86' lang='grc' dir='ltr'>γνόντων</span> <span class='ocrx_word' id='word_1_134' title='bbox 652 1446 877 1511; x_wconf 75' lang='grc' dir='ltr'>Ἀθήναζε</span> <span class='ocrx_word' id='word_1_135' title='bbox 912 1447 996 1511; x_wconf 77' lang='grc' dir='ltr'>τὴν</span> <span class='ocrx_word' id='word_1_136' title='bbox 1031 1453 1143 1497; x_wconf 91' lang='grc' dir='ltr'>ναῦν</span> <span class='ocrx_word' id='word_1_137' title='bbox 1170 1453 1440 1509; x_wconf 77' lang='grc' dir='ltr'>καταπλεῖν,</span> <span class='ocrx_word' id='word_1_138' title='bbox 1467 1447 1661 1512; x_wconf 80' lang='grc' dir='ltr'>ὅθενπερ</span> 
     </span>
     <span class='ocr_line' id='line_1_18' title="bbox 145 1528 1658 1598; baseline 0.001 -20"><span class='ocrx_word' id='word_1_139' title='bbox 145 1529 340 1596; x_wconf 85' lang='grc' dir='ltr'>ἀνήχθη,</span> <span class='ocrx_word' id='word_1_140' title='bbox 368 1529 420 1579; x_wconf 73' lang='grc' dir='ltr'>ὃν</span> <span class='ocrx_word' id='word_1_141' title='bbox 448 1531 539 1579; x_wconf 79' lang='grc' dir='ltr'>οὐδ’</span> <span class='ocrx_word' id='word_1_142' title='bbox 570 1528 627 1579; x_wconf 79' lang='grc' dir='ltr'>ἀν</span> <span class='ocrx_word' id='word_1_143' title='bbox 654 1529 748 1582; x_wconf 57' lang='grc' dir='ltr'>ἕεῖς</span> <span class='ocrx_word' id='word_1_144' title='bbox 780 1533 932 1580; x_wconf 81' lang='grc' dir='ltr'>ἐλθεῖν</span> <span class='ocrx_word' id='word_1_145' title='bbox 964 1530 1079 1598; x_wconf 77' lang='grc' dir='ltr'>ᾤετο</span> <span class='ocrx_word' id='word_1_146' title='bbox 1115 1535 1249 1596; x_wconf 88' lang='grc' dir='ltr'>δεῦρο</span> <span class='ocrx_word' id='word_1_147' title='bbox 1283 1533 1523 1593; x_wconf 79' lang='grc' dir='ltr'>τολμῆσαι</span> <span class='ocrx_word' id='word_1_148' title='bbox 1559 1553 1658 1580; x_wconf 90' lang='grc' dir='ltr'>τοι-</span> 
     </span>
     <span class='ocr_line' id='line_1_19' title="bbox 145 1611 1662 1677; baseline 0.002 -16"><span class='ocrx_word' id='word_1_149' title='bbox 145 1611 263 1661; x_wconf 80' lang='grc' dir='ltr'>αῦτά</span> <span class='ocrx_word' id='word_1_150' title='bbox 296 1635 349 1676; x_wconf 90' lang='grc' dir='ltr'>γε</span> <span class='ocrx_word' id='word_1_151' title='bbox 384 1613 758 1677; x_wconf 74' lang='grc' dir='ltr'>ἐσκευωρημένον</span> <span class='ocrx_word' id='word_1_152' title='bbox 792 1615 867 1662; x_wconf 76' lang='grc' dir='ltr'>καὶ</span> <span class='ocrx_word' id='word_1_153' title='bbox 900 1614 1200 1677; x_wconf 86' lang='grc' dir='ltr'>πεποιηκότα,</span> <span class='ocrx_word' id='word_1_154' title='bbox 1228 1613 1403 1673; x_wconf 48' lang='grc' dir='ltr'>Ῑιοῦτος,</span> <span class='ocrx_word' id='word_1_155' title='bbox 1431 1611 1467 1662; x_wconf 76' lang='grc' dir='ltr'><em>ὦ</em></span> <span class='ocrx_word' id='word_1_156' title='bbox 1497 1613 1662 1677; x_wconf 77' lang='grc' dir='ltr'>ἄνδρες</span> 
     </span>
     <span class='ocr_line' id='line_1_20' title="bbox 145 1695 1658 1763; baseline 0 -19"><span class='ocrx_word' id='word_1_157' title='bbox 145 1696 400 1758; x_wconf 86' lang='grc' dir='ltr'>Ἀθηναῖοι,</span> <span class='ocrx_word' id='word_1_158' title='bbox 445 1702 675 1745; x_wconf 89' lang='grc' dir='ltr'>τοσοῦτον</span> <span class='ocrx_word' id='word_1_159' title='bbox 721 1696 1072 1760; x_wconf 73' lang='grc' dir='ltr'>ὑπερβέβληκεν</span> <span class='ocrx_word' id='word_1_160' title='bbox 1116 1698 1319 1763; x_wconf 73' lang='grc' dir='ltr'>ἀναιδείᾳ</span> <span class='ocrx_word' id='word_1_161' title='bbox 1365 1698 1438 1745; x_wconf 70' lang='grc' dir='ltr'>καὶ</span> <span class='ocrx_word' id='word_1_162' title='bbox 1489 1695 1658 1762; x_wconf 87' lang='grc' dir='ltr'>τόλμῃ,</span> 
     </span>
     <span class='ocr_line' id='line_1_21' title="bbox 147 1777 1713 1842; baseline 0.001 -14"><span class='ocrx_word' id='word_1_163' title='bbox 147 1777 262 1828; x_wconf 79' lang='grc' dir='ltr'>ὥστ’</span> <span class='ocrx_word' id='word_1_164' title='bbox 291 1781 373 1829; x_wconf 79' lang='grc' dir='ltr'>οὐκ</span> <span class='ocrx_word' id='word_1_165' title='bbox 406 1778 605 1842; x_wconf 84' lang='grc' dir='ltr'>ἐλήλυθε</span> <span class='ocrx_word' id='word_1_166' title='bbox 639 1779 795 1841; x_wconf 88' lang='grc' dir='ltr'>μόνον,</span> <span class='ocrx_word' id='word_1_167' title='bbox 828 1779 959 1828; x_wconf 78' lang='grc' dir='ltr'>ἀλλά</span> <span class='ocrx_word' id='word_1_168' title='bbox 990 1782 1064 1829; x_wconf 77' lang='grc' dir='ltr'>καὶ</span> <span class='ocrx_word' id='word_1_169' title='bbox 1097 1785 1179 1829; x_wconf 92' lang='grc' dir='ltr'>τοῦ</span> <span class='ocrx_word' id='word_1_170' title='bbox 1215 1781 1351 1829; x_wconf 86' lang='grc' dir='ltr'>σίτου</span> <span class='ocrx_word' id='word_1_171' title='bbox 1387 1784 1469 1828; x_wconf 90' lang='grc' dir='ltr'>τοῦ</span> <span class='ocrx_word' id='word_1_172' title='bbox 1500 1779 1713 1841; x_wconf 58' lang='grc' dir='ltr'>ἡμετέ-εῡ</span> 
     </span>
     <span class='ocr_line' id='line_1_22' title="bbox 146 1861 1282 1928; baseline 0 -17"><span class='ocrx_word' id='word_1_173' title='bbox 146 1884 231 1926; x_wconf 93' lang='grc' dir='ltr'>ρου</span> <span class='ocrx_word' id='word_1_174' title='bbox 257 1861 634 1928; x_wconf 83' lang='grc' dir='ltr'>ἀμφισβητήσας</span> <span class='ocrx_word' id='word_1_175' title='bbox 661 1863 769 1924; x_wconf 81' lang='grc' dir='ltr'>ἡμῖν</span> <span class='ocrx_word' id='word_1_176' title='bbox 795 1863 926 1926; x_wconf 83' lang='grc' dir='ltr'>δίκην</span> <span class='ocrx_word' id='word_1_177' title='bbox 951 1864 1282 1928; x_wconf 85' lang='grc' dir='ltr'>προσείληχεν.</span> 
     </span>
    </p>

    <p class='ocr_par' dir='ltr' id='par_1_5' title="bbox 87 1943 1759 2342">
     <span class='ocr_line' id='line_1_23' title="bbox 87 1943 1657 2011; baseline 0.001 -19"><span class='ocrx_word' id='word_1_178' title='bbox 87 1964 134 1991; x_wconf 88' lang='lat'>12</span> <span class='ocrx_word' id='word_1_179' title='bbox 223 1945 289 1993; x_wconf 86' lang='grc' dir='ltr'>Τί</span> <span class='ocrx_word' id='word_1_180' title='bbox 319 1944 399 1993; x_wconf 81' lang='grc' dir='ltr'>οῦν</span> <span class='ocrx_word' id='word_1_181' title='bbox 434 1945 535 1993; x_wconf 87' lang='grc' dir='ltr'>ποτ’</span> <span class='ocrx_word' id='word_1_182' title='bbox 565 1946 666 1993; x_wconf 82' lang='grc' dir='ltr'>ἐστὶ</span> <span class='ocrx_word' id='word_1_183' title='bbox 699 1943 752 1994; x_wconf 80' lang='grc' dir='ltr'>τὸ</span> <span class='ocrx_word' id='word_1_184' title='bbox 786 1945 945 2004; x_wconf 73' lang='grc' dir='ltr'>αἴτιον,</span> <span class='ocrx_word' id='word_1_185' title='bbox 973 1946 1047 1993; x_wconf 77' lang='grc' dir='ltr'>καὶ</span> <span class='ocrx_word' id='word_1_186' title='bbox 1073 1948 1138 2011; x_wconf 75' lang='grc' dir='ltr'>τῷ</span> <span class='ocrx_word' id='word_1_187' title='bbox 1164 1945 1267 1994; x_wconf 88' lang='grc' dir='ltr'>ποτ’</span> <span class='ocrx_word' id='word_1_188' title='bbox 1296 1943 1549 2010; x_wconf 74' lang='grc' dir='ltr'>ἐπηρμένος</span> <span class='ocrx_word' id='word_1_189' title='bbox 1576 1943 1657 1993; x_wconf 54' lang='grc' dir='ltr'>οὗω</span> 
     </span>
     <span class='ocr_line' id='line_1_24' title="bbox 148 2025 1662 2092; baseline 0 -17"><span class='ocrx_word' id='word_1_190' title='bbox 148 2048 227 2079; x_wconf 89' lang='grc' dir='ltr'>τος</span> <span class='ocrx_word' id='word_1_191' title='bbox 263 2025 577 2089; x_wconf 80' lang='grc' dir='ltr'>ἰκατελήλυθε</span> <span class='ocrx_word' id='word_1_192' title='bbox 617 2029 690 2076; x_wconf 76' lang='grc' dir='ltr'>καὶ</span> <span class='ocrx_word' id='word_1_193' title='bbox 729 2026 813 2089; x_wconf 85' lang='grc' dir='ltr'>τὴν</span> <span class='ocrx_word' id='word_1_194' title='bbox 852 2027 982 2090; x_wconf 86' lang='grc' dir='ltr'>δίκην</span> <span class='ocrx_word' id='word_1_195' title='bbox 1020 2026 1240 2092; x_wconf 70' lang='grc' dir='ltr'>εἴληχεν,</span> <span class='ocrx_word' id='word_1_196' title='bbox 1291 2025 1381 2090; x_wconf 84' lang='grc' dir='ltr'>ἐγὼ</span> <span class='ocrx_word' id='word_1_197' title='bbox 1417 2028 1521 2089; x_wconf 84' lang='grc' dir='ltr'>ὑμῖν</span> <span class='ocrx_word' id='word_1_198' title='bbox 1558 2028 1662 2091; x_wconf 87' lang='grc' dir='ltr'>ἐρῶ,</span> 
     </span>
     <span class='ocr_line' id='line_1_25' title="bbox 150 2108 1661 2175; baseline 0 -17"><span class='ocrx_word' id='word_1_199' title='bbox 150 2110 312 2174; x_wconf 76' lang='grc' dir='ltr'>ἄνδρες</span> <span class='ocrx_word' id='word_1_200' title='bbox 349 2112 578 2170; x_wconf 74' lang='grc' dir='ltr'>δικασταὶ,</span> <span class='ocrx_word' id='word_1_201' title='bbox 614 2109 869 2175; x_wconf 87' lang='grc' dir='ltr'>ἀχθόμενος</span> <span class='ocrx_word' id='word_1_202' title='bbox 908 2109 992 2170; x_wconf 77' lang='grc' dir='ltr'>μὲν</span> <span class='ocrx_word' id='word_1_203' title='bbox 1029 2108 1083 2172; x_wconf 84' lang='grc' dir='ltr'>νὴ</span> <span class='ocrx_word' id='word_1_204' title='bbox 1121 2109 1202 2158; x_wconf 81' lang='grc' dir='ltr'>τὸν</span> <span class='ocrx_word' id='word_1_205' title='bbox 1237 2110 1332 2158; x_wconf 81' lang='grc' dir='ltr'>Δία</span> <span class='ocrx_word' id='word_1_206' title='bbox 1370 2111 1445 2158; x_wconf 73' lang='grc' dir='ltr'>καὶ</span> <span class='ocrx_word' id='word_1_207' title='bbox 1480 2108 1661 2170; x_wconf 54' lang='grc' dir='ltr'>1(θεοὺς,</span> 
     </span>
     <span class='ocr_line' id='line_1_26' title="bbox 149 2191 1759 2258; baseline 0.002 -16"><span class='ocrx_word' id='word_1_208' title='bbox 149 2191 517 2257; x_wconf 70' lang='grc' dir='ltr'>ἀναγκαζόμενος</span> <span class='ocrx_word' id='word_1_209' title='bbox 553 2191 616 2241; x_wconf 77' lang='grc' dir='ltr'>δέ.</span> <span class='ocrx_word' id='word_1_210' title='bbox 671 2192 800 2241; x_wconf 74' lang='grc' dir='ltr'>ἔστιν</span> <span class='ocrx_word' id='word_1_211' title='bbox 833 2191 1148 2257; x_wconf 86' lang='grc' dir='ltr'>1ἐργαστήρια</span> <span class='ocrx_word' id='word_1_212' title='bbox 1185 2196 1437 2258; x_wconf 89' lang='grc' dir='ltr'>μοχθηρῶν</span> <span class='ocrx_word' id='word_1_213' title='bbox 1473 2193 1654 2257; x_wconf 81' lang='grc' dir='ltr'>ἀνθρώ·</span> <span class='ocrx_word' id='word_1_214' title='bbox 1674 2206 1759 2258; x_wconf 68' lang='lat'>885,</span> 
     </span>
     <span class='ocr_line' id='line_1_27' title="bbox 149 2272 1661 2342; baseline -0.001 -17"><span class='ocrx_word' id='word_1_215' title='bbox 149 2298 253 2326; x_wconf 92' lang='grc' dir='ltr'>πων</span> <span class='ocrx_word' id='word_1_216' title='bbox 278 2274 638 2337; x_wconf 89' lang='grc' dir='ltr'>συνεστηκότων</span> <span class='ocrx_word' id='word_1_217' title='bbox 663 2276 711 2324; x_wconf 89' lang='grc' dir='ltr'>ἐν</span> <span class='ocrx_word' id='word_1_218' title='bbox 733 2279 798 2342; x_wconf 71' lang='grc' dir='ltr'>τῴ</span> <span class='ocrx_word' id='word_1_219' title='bbox 828 2279 1046 2339; x_wconf 86' lang='grc' dir='ltr'>Πειραιεῖ·</span> <span class='ocrx_word' id='word_1_220' title='bbox 1083 2275 1161 2327; x_wconf 76' lang='grc' dir='ltr'>οὓς</span> <span class='ocrx_word' id='word_1_221' title='bbox 1188 2276 1283 2324; x_wconf 80' lang='grc' dir='ltr'>οὐδ’</span> <span class='ocrx_word' id='word_1_222' title='bbox 1307 2277 1430 2337; x_wconf 84' lang='grc' dir='ltr'>ὑμεῖς</span> <span class='ocrx_word' id='word_1_223' title='bbox 1453 2272 1661 2339; x_wconf 60' lang='grc' dir='ltr'>’ῃάγνοή-</span> 
     </span>
    </p>
   </div>
   <div class='ocr_carea' id='block_1_5' title="bbox 88 2356 1662 2422">
    <p class='ocr_par' dir='ltr' id='par_1_6' title="bbox 88 2356 1662 2422">
     <span class='ocr_line' id='line_1_28' title="bbox 88 2356 1662 2422; baseline 0.001 -17"><span class='ocrx_word' id='word_1_224' title='bbox 88 2378 134 2419; x_wconf 83' lang='lat'>13</span> <span class='ocrx_word' id='word_1_225' title='bbox 152 2380 257 2407; x_wconf 93' lang='grc' dir='ltr'>σετε</span> <span class='ocrx_word' id='word_1_226' title='bbox 291 2356 474 2410; x_wconf 80' lang='grc' dir='ltr'>ἰδόντες.</span> <span class='ocrx_word' id='word_1_227' title='bbox 526 2359 575 2406; x_wconf 86' lang='grc' dir='ltr'>ἐκ</span> <span class='ocrx_word' id='word_1_228' title='bbox 601 2357 776 2406; x_wconf 81' lang='grc' dir='ltr'>τούτων</span> <span class='ocrx_word' id='word_1_229' title='bbox 810 2357 902 2418; x_wconf 78' lang='grc' dir='ltr'>ἕνα,</span> <span class='ocrx_word' id='word_1_230' title='bbox 930 2358 1077 2422; x_wconf 73' lang='grc' dir='ltr'>11ἡνίχ’</span> <span class='ocrx_word' id='word_1_231' title='bbox 1107 2357 1239 2410; x_wconf 73' lang='grc' dir='ltr'>οὗτος</span> <span class='ocrx_word' id='word_1_232' title='bbox 1275 2358 1499 2422; x_wconf 72' lang='grc' dir='ltr'>ἔπραττεν</span> <span class='ocrx_word' id='word_1_233' title='bbox 1536 2356 1662 2410; x_wconf 74' lang='grc' dir='ltr'>ὅπως</span> 
     </span>
    </p>
   </div>
   <div class='ocr_carea' id='block_1_6' title="bbox 149 2509 1667 2976">
    <p class='ocr_par' dir='ltr' id='par_1_7' title="bbox 149 2509 1667 2976">
     <span class='ocr_line' id='line_1_29' title="bbox 204 2509 1662 2557; baseline -0.001 -12"><span class='ocrx_word' id='word_1_234' title='bbox 204 2518 224 2536; x_wconf 77' lang='lat'>¹¹</span> <span class='ocrx_word' id='word_1_235' title='bbox 245 2512 408 2551; x_wconf 77' lang='grc' dir='ltr'>ἐκβαίνειν</span> <span class='ocrx_word' id='word_1_236' title='bbox 423 2513 475 2545; x_wconf 83' lang='grc' dir='ltr'>καὶ</span> <span class='ocrx_word' id='word_1_237' title='bbox 496 2511 659 2557; x_wconf 79' lang='grc' dir='ltr'>ἐκλιπεῖν]</span> <span class='ocrx_word' id='word_1_238' title='bbox 687 2509 854 2553; x_wconf 78' lang='grc' dir='ltr'>ἐμβαίνειν</span> <span class='ocrx_word' id='word_1_239' title='bbox 871 2512 922 2544; x_wconf 77' lang='grc' dir='ltr'>καὶ</span> <span class='ocrx_word' id='word_1_240' title='bbox 942 2510 1108 2544; x_wconf 80' lang='grc' dir='ltr'>ἐκλείπειν</span> <span class='ocrx_word' id='word_1_241' title='bbox 1123 2512 1195 2544; x_wconf 87' lang='lat' dir='ltr'><strong>A.r.</strong></span> <span class='ocrx_word' id='word_1_242' title='bbox 1266 2517 1281 2532; x_wconf 68' lang='grc' dir='ltr'>Χ</span> <span class='ocrx_word' id='word_1_243' title='bbox 1303 2509 1394 2544; x_wconf 73' lang='grc' dir='ltr'>τοῦτ’</span> <span class='ocrx_word' id='word_1_244' title='bbox 1409 2511 1662 2556; x_wconf 82' lang='grc' dir='ltr'>ἐπιτελεσθείη]</span> 
     </span>
     <span class='ocr_line' id='line_1_30' title="bbox 149 2563 1666 2608; baseline -0.001 -10"><span class='ocrx_word' id='word_1_245' title='bbox 149 2565 243 2598; x_wconf 86' lang='grc' dir='ltr'>τουτὶ</span> <span class='ocrx_word' id='word_1_246' title='bbox 262 2565 438 2608; x_wconf 81' lang='grc' dir='ltr'>τελεσθείη</span> <span class='ocrx_word' id='word_1_247' title='bbox 456 2565 542 2602; x_wconf 71' lang='lat' dir='ltr'>RQ.</span> <span class='ocrx_word' id='word_1_248' title='bbox 631 2570 648 2597; x_wconf 82' lang='lat' dir='ltr'>y</span> <span class='ocrx_word' id='word_1_249' title='bbox 669 2563 921 2608; x_wconf 80' lang='grc' dir='ltr'>συμπλέοντος]</span> <span class='ocrx_word' id='word_1_250' title='bbox 947 2564 1153 2606; x_wconf 82' lang='grc' dir='ltr'>ἐμπλέοντος</span> <span class='ocrx_word' id='word_1_251' title='bbox 1173 2564 1291 2597; x_wconf 84' lang='lat' dir='ltr'><strong>A.F.1·.</strong></span> <span class='ocrx_word' id='word_1_252' title='bbox 1375 2570 1388 2585; x_wconf 65' lang='grc' dir='ltr'><strong><em>Ζ</em></strong></span> <span class='ocrx_word' id='word_1_253' title='bbox 1411 2564 1666 2597; x_wconf 78' lang='grc' dir='ltr'>ἐναντιωθέντος</span> 
     </span>
     <span class='ocr_line' id='line_1_31' title="bbox 150 2613 1666 2661; baseline -0.002 -10"><span class='ocrx_word' id='word_1_254' title='bbox 150 2630 220 2651; x_wconf 89' lang='lat' dir='ltr'>om.</span> <span class='ocrx_word' id='word_1_255' title='bbox 237 2618 309 2651; x_wconf 84' lang='lat' dir='ltr'><strong>A.1·.</strong></span> <span class='ocrx_word' id='word_1_256' title='bbox 393 2623 412 2642; x_wconf 68' lang='lat' dir='ltr'>a</span> <span class='ocrx_word' id='word_1_257' title='bbox 433 2618 485 2650; x_wconf 78' lang='grc' dir='ltr'>καὶ</span> <span class='ocrx_word' id='word_1_258' title='bbox 504 2629 640 2650; x_wconf 79' lang='lat' dir='ltr'>erasum</span> <span class='ocrx_word' id='word_1_259' title='bbox 661 2617 697 2650; x_wconf 87' lang='lat' dir='ltr'>in</span> <span class='ocrx_word' id='word_1_260' title='bbox 717 2618 771 2655; x_wconf 70' lang='lat' dir='ltr'>A„</span> <span class='ocrx_word' id='word_1_261' title='bbox 793 2629 861 2650; x_wconf 93' lang='lat' dir='ltr'>om.</span> <span class='ocrx_word' id='word_1_262' title='bbox 878 2629 905 2649; x_wconf 87' lang='lat' dir='ltr'>r.</span> <span class='ocrx_word' id='word_1_263' title='bbox 981 2613 999 2640; x_wconf 77' lang='lat' dir='ltr'>b</span> <span class='ocrx_word' id='word_1_264' title='bbox 1020 2617 1165 2655; x_wconf 71' lang='grc' dir='ltr'>μισθοὺς</span> <span class='ocrx_word' id='word_1_265' title='bbox 1185 2628 1254 2649; x_wconf 88' lang='lat' dir='ltr'>om.</span> <span class='ocrx_word' id='word_1_266' title='bbox 1272 2617 1307 2650; x_wconf 87' lang='lat' dir='ltr'>S.</span> <span class='ocrx_word' id='word_1_267' title='bbox 1328 2621 1409 2661; x_wconf 85' lang='lat' dir='ltr'>post</span> <span class='ocrx_word' id='word_1_268' title='bbox 1429 2618 1508 2648; x_wconf 83' lang='grc' dir='ltr'>ναῦν</span> <span class='ocrx_word' id='word_1_269' title='bbox 1528 2620 1666 2660; x_wconf 85' lang='lat' dir='ltr'>ponunt</span> 
     </span>
     <span class='ocr_line' id='line_1_32' title="bbox 152 2668 1665 2714; baseline -0.002 -11"><span class='ocrx_word' id='word_1_270' title='bbox 152 2670 239 2709; x_wconf 74' lang='lat' dir='ltr'>RQ.</span> <span class='ocrx_word' id='word_1_271' title='bbox 338 2675 353 2695; x_wconf 79' lang='lat'><em>0</em></span> <span class='ocrx_word' id='word_1_272' title='bbox 374 2669 604 2714; x_wconf 74' lang='grc' dir='ltr'>κεφαλληνίιιν</span> <span class='ocrx_word' id='word_1_273' title='bbox 624 2669 754 2714; x_wconf 87' lang='lat' dir='ltr'>duplici</span> <span class='ocrx_word' id='word_1_274' title='bbox 774 2671 795 2702; x_wconf 89' lang='grc' dir='ltr'>λ</span> <span class='ocrx_word' id='word_1_275' title='bbox 817 2669 933 2707; x_wconf 86' lang='lat' dir='ltr'><strong>F.Q.r.</strong></span> <span class='ocrx_word' id='word_1_276' title='bbox 954 2669 1010 2702; x_wconf 90' lang='lat' dir='ltr'>hic</span> <span class='ocrx_word' id='word_1_277' title='bbox 1031 2674 1065 2702; x_wconf 84' lang='lat' dir='ltr'>et</span> <span class='ocrx_word' id='word_1_278' title='bbox 1085 2669 1186 2702; x_wconf 89' lang='lat' dir='ltr'><strong>infra.</strong></span> <span class='ocrx_word' id='word_1_279' title='bbox 1219 2668 1436 2713; x_wconf 82' lang='grc' dir='ltr'>Κεφαληνίαν</span> <span class='ocrx_word' id='word_1_280' title='bbox 1454 2669 1571 2712; x_wconf 83' lang='lat' dir='ltr'><strong>vulgo.</strong></span> <span class='ocrx_word' id='word_1_281' title='bbox 1606 2668 1665 2700; x_wconf 88' lang='lat' dir='ltr'>Al-</span> 
     </span>
     <span class='ocr_line' id='line_1_33' title="bbox 151 2719 1663 2767; baseline -0.002 -11"><span class='ocrx_word' id='word_1_282' title='bbox 151 2728 265 2756; x_wconf 83' lang='lat' dir='ltr'><strong>terum</strong></span> <span class='ocrx_word' id='word_1_283' title='bbox 284 2724 305 2755; x_wconf 92' lang='grc' dir='ltr'>λ</span> <span class='ocrx_word' id='word_1_284' title='bbox 327 2735 346 2755; x_wconf 85' lang='lat' dir='ltr'>a</span> <span class='ocrx_word' id='word_1_285' title='bbox 366 2727 559 2756; x_wconf 83' lang='lat' dir='ltr'>correctore</span> <span class='ocrx_word' id='word_1_286' title='bbox 579 2722 684 2755; x_wconf 81' lang='lat' dir='ltr'>habet</span> <span class='ocrx_word' id='word_1_287' title='bbox 703 2723 744 2755; x_wconf 76' lang='lat' dir='ltr'>A.</span> <span class='ocrx_word' id='word_1_288' title='bbox 881 2719 899 2746; x_wconf 68' lang='lat'>(¹</span> <span class='ocrx_word' id='word_1_289' title='bbox 920 2721 1017 2767; x_wconf 81' lang='grc' dir='ltr'>νεὼς]</span> <span class='ocrx_word' id='word_1_290' title='bbox 1043 2722 1124 2755; x_wconf 85' lang='grc' dir='ltr'>νεὼς</span> <span class='ocrx_word' id='word_1_291' title='bbox 1144 2721 1186 2756; x_wconf 82' lang='grc' dir='ltr'>ὡς</span> <span class='ocrx_word' id='word_1_292' title='bbox 1207 2722 1242 2754; x_wconf 84' lang='lat' dir='ltr'>S.</span> <span class='ocrx_word' id='word_1_293' title='bbox 1372 2726 1387 2744; x_wconf 69' lang='grc' dir='ltr'>θ</span> <span class='ocrx_word' id='word_1_294' title='bbox 1408 2721 1459 2753; x_wconf 80' lang='grc' dir='ltr'>καὶ</span> <span class='ocrx_word' id='word_1_295' title='bbox 1479 2733 1549 2754; x_wconf 86' lang='lat' dir='ltr'>om.</span> <span class='ocrx_word' id='word_1_296' title='bbox 1572 2719 1663 2757; x_wconf 70' lang='lat' dir='ltr'>RQ.</span> 
     </span>
     <span class='ocr_line' id='line_1_34' title="bbox 151 2770 1666 2820; baseline -0.001 -12"><span class='ocrx_word' id='word_1_297' title='bbox 151 2772 166 2798; x_wconf 83' lang='lat' dir='ltr'><strong>f</strong></span> <span class='ocrx_word' id='word_1_298' title='bbox 183 2777 234 2808; x_wconf 87' lang='grc' dir='ltr'>καὶ</span> <span class='ocrx_word' id='word_1_299' title='bbox 255 2787 325 2808; x_wconf 90' lang='lat' dir='ltr'>om.</span> <span class='ocrx_word' id='word_1_300' title='bbox 341 2787 370 2809; x_wconf 77' lang='lat'>1¹.</span> <span class='ocrx_word' id='word_1_301' title='bbox 442 2780 462 2807; x_wconf 74' lang='lat' dir='ltr'>g</span> <span class='ocrx_word' id='word_1_302' title='bbox 482 2772 527 2808; x_wconf 83' lang='grc' dir='ltr'>εἷς</span> <span class='ocrx_word' id='word_1_303' title='bbox 548 2775 658 2808; x_wconf 86' lang='grc' dir='ltr'>ἐλθεῖν</span> <span class='ocrx_word' id='word_1_304' title='bbox 672 2773 773 2820; x_wconf 77' lang='grc' dir='ltr'>ᾤετο]</span> <span class='ocrx_word' id='word_1_305' title='bbox 799 2773 966 2807; x_wconf 78' lang='grc' dir='ltr'>εἰσελθεῖν</span> <span class='ocrx_word' id='word_1_306' title='bbox 981 2788 1031 2808; x_wconf 90' lang='grc' dir='ltr'>τις</span> <span class='ocrx_word' id='word_1_307' title='bbox 1051 2772 1134 2820; x_wconf 75' lang='grc' dir='ltr'>ᾤετο</span> <span class='ocrx_word' id='word_1_308' title='bbox 1154 2785 1181 2806; x_wconf 80' lang='lat' dir='ltr'>r.</span> <span class='ocrx_word' id='word_1_309' title='bbox 1258 2770 1277 2798; x_wconf 76' lang='lat' dir='ltr'>h</span> <span class='ocrx_word' id='word_1_310' title='bbox 1300 2771 1416 2817; x_wconf 70' lang='grc' dir='ltr'>οὗτος]</span> <span class='ocrx_word' id='word_1_311' title='bbox 1440 2775 1561 2805; x_wconf 84' lang='grc' dir='ltr'>τοῦτον</span> <span class='ocrx_word' id='word_1_312' title='bbox 1577 2771 1666 2809; x_wconf 69' lang='lat' dir='ltr'>RQ.</span> 
     </span>
     <span class='ocr_line' id='line_1_35' title="bbox 152 2822 1666 2871; baseline -0.003 -11"><span class='ocrx_word' id='word_1_313' title='bbox 152 2824 162 2852; x_wconf 70' lang='lat' dir='ltr'><strong>i</strong></span> <span class='ocrx_word' id='word_1_314' title='bbox 182 2827 387 2870; x_wconf 79' lang='grc' dir='ltr'>κατελήλυθε</span> <span class='ocrx_word' id='word_1_315' title='bbox 410 2826 493 2865; x_wconf 82' lang='lat' dir='ltr'><strong>S.Q.</strong></span> <span class='ocrx_word' id='word_1_316' title='bbox 528 2827 727 2871; x_wconf 80' lang='lat' dir='ltr'>Legebatur</span> <span class='ocrx_word' id='word_1_317' title='bbox 747 2827 798 2859; x_wconf 79' lang='grc' dir='ltr'>καὶ</span> <span class='ocrx_word' id='word_1_318' title='bbox 817 2825 976 2869; x_wconf 81' lang='grc' dir='ltr'>ἐλήλυθε.</span> <span class='ocrx_word' id='word_1_319' title='bbox 1101 2822 1121 2849; x_wconf 81' lang='lat' dir='ltr'>k</span> <span class='ocrx_word' id='word_1_320' title='bbox 1142 2825 1255 2870; x_wconf 84' lang='grc' dir='ltr'>θεοὺς]</span> <span class='ocrx_word' id='word_1_321' title='bbox 1281 2826 1359 2859; x_wconf 82' lang='grc' dir='ltr'>τοὺς</span> <span class='ocrx_word' id='word_1_322' title='bbox 1379 2824 1475 2859; x_wconf 80' lang='grc' dir='ltr'>θεοὺς</span> <span class='ocrx_word' id='word_1_323' title='bbox 1493 2836 1521 2857; x_wconf 87' lang='lat' dir='ltr'>r.</span> <span class='ocrx_word' id='word_1_324' title='bbox 1561 2823 1666 2857; x_wconf 89' lang='lat' dir='ltr'><strong>Conf.</strong></span> 
     </span>
     <span class='ocr_line' id='line_1_36' title="bbox 151 2875 1667 2926; baseline -0.003 -13"><span class='ocrx_word' id='word_1_325' title='bbox 151 2891 185 2925; x_wconf 90' lang='lat' dir='ltr'>p.</span> <span class='ocrx_word' id='word_1_326' title='bbox 203 2887 290 2926; x_wconf 79' lang='lat'><em>790,</em></span> <span class='ocrx_word' id='word_1_327' title='bbox 306 2891 342 2924; x_wconf 82' lang='lat'>4.</span> <span class='ocrx_word' id='word_1_328' title='bbox 489 2876 499 2902; x_wconf 79' lang='grc' dir='ltr'><strong>Ῑ</strong></span> <span class='ocrx_word' id='word_1_329' title='bbox 520 2878 726 2924; x_wconf 82' lang='grc' dir='ltr'>ἐργαστήρια</span> <span class='ocrx_word' id='word_1_330' title='bbox 744 2878 940 2923; x_wconf 87' lang='grc' dir='ltr'>μοχθηρῶν]</span> <span class='ocrx_word' id='word_1_331' title='bbox 963 2877 1188 2923; x_wconf 82' lang='grc' dir='ltr'>ἐργαστήριον</span> <span class='ocrx_word' id='word_1_332' title='bbox 1207 2880 1360 2921; x_wconf 84' lang='grc' dir='ltr'>πονηρῶν</span> <span class='ocrx_word' id='word_1_333' title='bbox 1379 2888 1407 2909; x_wconf 86' lang='lat' dir='ltr'>r.</span> <span class='ocrx_word' id='word_1_334' title='bbox 1442 2875 1667 2921; x_wconf 84' lang='grc' dir='ltr'>ἐργαστήριον</span> 
     </span>
     <span class='ocr_line' id='line_1_37' title="bbox 152 2928 1435 2976; baseline -0.004 -11"><span class='ocrx_word' id='word_1_335' title='bbox 152 2932 256 2966; x_wconf 84' lang='lat' dir='ltr'><strong>etiam</strong></span> <span class='ocrx_word' id='word_1_336' title='bbox 277 2933 318 2965; x_wconf 82' lang='grc' dir='ltr'>Α.</span> <span class='ocrx_word' id='word_1_337' title='bbox 429 2937 460 2956; x_wconf 80' lang='lat' dir='ltr'>m</span> <span class='ocrx_word' id='word_1_338' title='bbox 480 2930 683 2976; x_wconf 80' lang='grc' dir='ltr'>ἀγνοήσετε]</span> <span class='ocrx_word' id='word_1_339' title='bbox 707 2930 909 2976; x_wconf 80' lang='grc' dir='ltr'>ἀγνοήσαιτε</span> <span class='ocrx_word' id='word_1_340' title='bbox 931 2931 1003 2963; x_wconf 67' lang='lat' dir='ltr'>As.</span> <span class='ocrx_word' id='word_1_341' title='bbox 1114 2935 1133 2953; x_wconf 76' lang='grc' dir='ltr'>Π</span> <span class='ocrx_word' id='word_1_342' title='bbox 1157 2928 1260 2973; x_wconf 85' lang='grc' dir='ltr'>ἡνίχ’]</span> <span class='ocrx_word' id='word_1_343' title='bbox 1285 2928 1378 2970; x_wconf 81' lang='grc' dir='ltr'>ἡνίκα</span> <span class='ocrx_word' id='word_1_344' title='bbox 1400 2928 1435 2961; x_wconf 89' lang='lat' dir='ltr'>S.</span> 
     </span>
    </p>
   </div>
  </div>
 </body>
</html>
