1965 3236
41 216 292 253 —1001‚1›2.
386 212 527 249 ΠΡΟΣ
560 212 805 249 ΒΟΙΩΤΟΝ
839 212 965 248 ΠΕΡΙ
997 213 1106 249 ΤΟΎ
1138 213 1458 249 ΟΝΟΜΑΤΟΣ.
1569 209 1674 248 1031

164 340 296 381 νομα,
339 320 363 370 ὃ
403 320 693 383 βουλόμενος
739 324 813 370 καὶ
865 322 960 371 οὐδ’
1006 323 1085 387 ὑφ’
1129 320 1228 373 ἑνὸς
1271 323 1485 379 βιασθεὶς
1529 321 1673 369 ἔθετο.
1696 340 1729 367 ¹5

99 420 148 449 22
163 402 245 451 οὐκ
282 403 430 467 ε”γωγε
466 403 705 467 (ἡγοῦμαι.
758 404 832 454 ἵνα
867 404 1021 454 τοίνυν
1052 406 1199 466 εἰδῆτε
1240 403 1309 453 ὅτι
1347 405 1399 452 οὐ
1439 403 1582 464 μόνον
1618 407 1677 455 εἷς

160 485 267 537 τοὺς
292 494 312 521 g
321 485 556 553 φράτερας
581 487 739 547 οὕτως,
768 488 829 539 ὡς
863 485 1225 551 μεμαρτύρηται,
1254 487 1278 534 ὁ
1311 485 1467 550 πατὴρ
1494 485 1578 548 τὴν
1604 489 1676 549 ἐγ-

160 567 351 634 γραφὴν
395 568 664 631 ἐποιήσατο,
710 568 841 618 ἀλλὰ
888 571 962 618 καὶ
1014 568 1099 631 τὴν
1144 567 1339 630 δεκάτην
1383 569 1483 630 ἐμοὶ
1532 572 1678 618 ποιῶν

1058 649 1169 698 ῑικαὶ
1215 649 1387 711 ταύτην
1425 648 1509 711 τὴν
1551 672 1673 713 μαρ·
1724 668 1732 674 ’

159 651 363 712 τοῦνομα
404 656 542 700 τοῦτο
587 651 729 712 ἔθετο,
772 651 899 710 λαβέ
937 673 1014 712 μοι

159 731 332 795 τυριάν.

771 822 1077 862 ΜΑΡΤὙΡΙΑ.
1693 833 1730 853 20

97 918 145 959 23
237 899 495 962 ἱ9Ακούετε,
524 899 589 951 '³03
624 902 787 967 ἄνδρες
819 903 1074 965 Ἀθηναῖοι,
1111 903 1181 951 ὅτι
1219 903 1311 966 ἐγὼ
1345 902 1428 964 μέν
1463 901 1567 963 Ῑεὶμι
1606 904 1678 952 ἐπὶ

161 988 244 1032 τοῦ
270 981 498 1045 ὀνόματος
520 983 686 1034 τούτου
711 984 866 1035 πάντα
891 984 974 1034 τὸν
999 983 1182 1051 χρόνον,
1201 987 1382 1035 τουτονὶ
1403 984 1451 1034 δὲ
1474 984 1680 1034 Βοιωτὸν

161 1068 225 1118 εἰς
253 1063 360 1118 τοὺς
387 1073 416 1091 ¹¹¹
427 1065 676 1132 φράτερας,
703 1067 815 1129 ἡνίκ’
844 1067 1137 1132 ἠναγκάσθη,
1164 1068 1424 1134 ἐνέγραψεν
1451 1069 1476 1116 ὁ
1502 1066 1674 1130 πατήρ.

161 1148 304 1210 ἡδέως
329 1150 483 1199 τοίνυν
517 1150 705 1215 ἐροίμην
732 1148 790 1199 ἂν
816 1148 956 1200 αὐτὸν
989 1151 1195 1200 ἐναντίον
1231 1152 1374 1212 ὑμῶν·
1417 1154 1454 1199 εἰ
1485 1149 1548 1212 μὴ
1576 1151 1675 1199 ἐτε-

161 1231 392 1295 λεύτησεν
414 1234 438 1282 ὁ
464 1231 635 1298 πατὴρ,
655 1233 704 1282 τί
725 1231 783 1282 ἄν
809 1239 948 1282 “ποτε
974 1233 1138 1284 ἐποίεις
1160 1231 1279 1296 πρὸς
1304 1236 1399 1284 τοῖς
1426 1231 1647 1294 δημόταις
1666 1252 1676 1290 ;
1693 1251 1729 1280 ²5

95 1315 269 1376 24οούκ
301 1315 358 1365 ἂν
388 1315 479 1367 εἰἀς
505 1322 591 1365 Ρσε
627 1314 768 1365 αὑτὸν
801 1315 1058 1383 ἐγγράφειν
1086 1314 1322 1373 Βοιωτόν;
1364 1316 1474 1364 ἀλλ’
1504 1315 1680 1364 ἄτοπον

161 1398 292 1461 δίκην
336 1398 456 1462 (ῑμὲν
507 1398 763 1465 λαγχάνειν
814 1398 995 1460 τούτου,
1042 1399 1237 1448 κωλύειν
1284 1398 1331 1448 δὲ
1375 1397 1536 1448 πάλιν.
1606 1400 1680 1447 καὶ

160 1480 254 1544 μὴν
288 1481 330 1531 εἴ
364 1483 405 1545 γ’
436 1482 528 1534 ε’ίας
562 1481 718 1543 αὑτὸν,
744 1482 1003 1549 ἐνέγραψεν
1041 1481 1097 1531 ὀίν
1130 1504 1188 1530 σε
1227 1485 1289 1534 εἷς
1324 1480 1430 1533 τοὺς
1462 1479 1680 1544 δημότας,

161 1564 277 1629 ὅπερ
315 1568 377 1617 εἷς
415 1564 522 1617 τοὺς
561 1564 810 1632 φράτερας.
877 1565 1043 1614 οὐκοῦν
1083 1563 1245 1625 δεινὸν,
1283 1562 1320 1612 ὦ
1356 1567 1418 1628 γῆ
1458 1566 1531 1613 καὶ
1571 1565 1798 1625 θεοὶ,ῐοοι

161 1647 364 1714 φάσκειν
395 1646 479 1709 μὲν
511 1648 681 1697 ἐκεῖνον
712 1649 853 1697 αὑτοῦ
886 1647 1066 1713 πατέρα
1099 1646 1227 1707 εἶναι,
1255 1651 1438 1709 τολμᾶν
1465 1650 1505 1696 δ’
1534 1647 1681 1711 ἄκυρα

159 1735 307 1780 ποιεῖν
334 1728 364 1780 ἃ
388 1732 556 1783 ἐκεῖνος
584 1730 756 1797 ἔπραξε
783 1730 911 1795 Υζῶν,

97 1832 148 1873 25
238 1812 454 1874 Ἐτόλμα
503 1813 658 1862 τοίνυν
709 1810 828 1876 πρὸς
877 1815 943 1879 τῷ
993 1814 1202 1878 διαιτητῇ
1252 1815 1449 1876 πρᾶγμα
1493 1810 1674 1859 ἀναιδέ-

160 1918 341 1946 στατον
375 1895 543 1960 λε’γειν,
577 1898 639 1947 ὡς
671 1896 695 1944 ὁ
732 1894 888 1960 πατὴρ
921 1897 1063 1945 αὑτοῦ
1098 1894 1295 1959 δεκάτην
1330 1896 1550 1958 ἐποίησεν
1584 1892 1708 1946 (ὅσ-5

160 2002 249 2044 περ
288 1981 398 2042 ἐμοῦ
440 1981 514 2029 καὶ
560 1980 764 2041 τοῦνομα
808 1979 931 2029 τοῦτ’
973 1978 1102 2029 ε”θετο
1147 1979 1284 2046 αὐτῷ,
1324 1980 1399 2028 καὶ
1444 1976 1681 2043 μάρτυράς

160 2086 287 2115 τινας
337 2064 598 2128 παρείχετο,
649 2062 716 2115 οἷς
766 2064 963 2115 Ξέκεῖνος
1014 2062 1308 2112 οὐδεπώποτε
1360 2059 1498 2128 ὤφθη
1550 2060 1678 2127 χρώ-

160 2168 308 2208 μενος.
370 2145 462 2210 ἐγώ
501 2147 538 2194 δ’
579 2145 742 2196 οὐδένα
782 2147 910 2208 ὑμῶν
948 2147 1133 2209 ἀγνοεῖν
1168 2145 1344 2207 ῐοῖομαι
1383 2144 1454 2193 ὅτι
1492 2145 1587 2194 οὔτ’
1625 2142 1681 2193 ἂν

159 2228 350 2290 ἐποίησε
397 2226 593 2290 δεκάτην
644 2228 790 2279 οὐδεὶς
839 2227 1025 2275 παιδίου
1075 2225 1140 2288 μὴ
1185 2226 1380 2291 νομίζων
1422 2228 1563 2275 αὑτοῦ
1605 2228 1675 2274 δι-

162 2311 300 2363 καίως
341 2308 467 2370 εἶναι,
508 2311 611 2360 οὕτε
652 2309 856 2373 ποιήσας
899 2311 975 2359 καὶ
1014 2309 1231 2377 στέρξας,
1272 2312 1333 2361 ὡς
1375 2307 1432 2358 ἂν
1474 2308 1570 2358 υἱόν
1611 2331 1734 2362 τιςιο

98 2408 150 2447 26
163 2393 372 2460 στέρξαι,
394 2391 541 2443 πάλιν
567 2393 761 2460 ἔξαρνος
787 2391 1021 2455 ἐτόλμησε
1047 2392 1280 2456 γενέσθαι.
1326 2391 1429 2442 οὐδὲ
1455 2390 1547 2457 γὰρ
1574 2392 1616 2441 εἴ
1637 2415 1681 2441 τι

1399 2473 1456 2499 u’*

162 2480 220 2543 τῇ
253 2478 393 2541 μητρὶ
425 2475 540 2542 πρὸς
568 2475 714 2541 ὀργὴν
740 2474 856 2539 ἦλθε
883 2479 940 2541 τῇ
967 2475 1157 2535 τούτων,
1183 2474 1373 2527 τούτους
1429 2498 1486 2524 αν
1517 2476 1680 2537 ἐμίσει,

216 2644 230 2671 f
248 2647 408 2692 ἡγοῦμαι]
434 2644 526 2691 οἶμαι
547 2648 634 2686 FQ.
792 2655 811 2682 g
832 2650 1020 2695 φράτερας]
1046 2651 1221 2695 φράτορας
1243 2651 1277 2683 S.
1430 2647 1451 2674 h
1471 2650 1523 2683 καὶ
1543 2661 1610 2683 om.
1635 2649 1679 2688 Q

162 2698 172 2724 i
192 2698 364 2744 Ἀκούετε]
390 2698 555 2742 ἠκούσατε
577 2700 663 2739 RQ.
734 2698 751 2725 k
774 2698 799 2734 ὦ
820 2714 888 2735 om.
909 2703 945 2736 S.
1015 2700 1025 2726 ¹
1046 2703 1112 2746 εἶμι
1135 2703 1169 2736 S.
1201 2703 1400 2749 Legebatur
1415 2701 1465 2745 ἦν.
1538 2707 1567 2725 m
1588 2703 1678 2746 φρά-

162 2769 277 2814 τερας]
304 2769 479 2813 φράτορας
500 2769 555 2803 hic
577 2776 611 2803 et
631 2770 721 2804 infra
741 2771 930 2816 saepissime
952 2772 986 2805 S.
1021 2765 1197 2817 φράτδρας
1218 2772 1255 2805 F.
1421 2778 1439 2796 Π
1461 2785 1543 2803 ποτε
1563 2771 1679 2803 addidi

164 2834 207 2855 ex
229 2822 263 2855 S.
362 2826 380 2845 0
401 2823 460 2854 οὐκ
479 2820 536 2866 ἂν]
561 2823 600 2855 οὐ
619 2824 684 2867 γὰρ
704 2836 730 2857 r.
829 2830 848 2856 P
869 2838 909 2857 σε
929 2825 1032 2857 αὐτὸν
1053 2825 1259 2858 Schaeferus.
1292 2825 1337 2857 σὺ
1357 2824 1458 2857 αὐτὸν
1477 2835 1528 2867 pr.
1553 2823 1587 2855 S.
1618 2823 1676 2854 ηὐ-

164 2875 224 2907 τὸν
242 2887 270 2908 r.
306 2874 503 2919 Legebatur
525 2877 679 2908 σεαυτόν.
789 2882 806 2908 (Ξ
827 2876 1083 2923 μὲν-τούτου]
1111 2876 1317 2923 σε-τούτῳ
1339 2877 1379 2909 Β.
1403 2876 1477 2920 (qui
1497 2875 1676 2919 vulgatum

164 2927 200 2960 in
219 2941 274 2971 γρ.
295 2927 415 2971 habet)
438 2927 526 2965 F.Q.
638 2935 652 2953 Γ
673 2930 736 2969 ζῶν
755 2940 827 2964 om.
847 2941 876 2963 r.
989 2937 1001 2955 S
1023 2930 1146 2964 ἐκεῖνος
1166 2928 1399 2973 οὐδεπώποτε]
1424 2928 1638 2960 οὐδεπώποτε
1659 2929 1677 2959 ὁ

164 2980 274 3024 πατὴρ
296 2979 385 3018 ΡΗΩ
498 2979 511 3004 t
531 2978 658 3025 οἴομαι]
684 2977 775 3023 οἶμαι
797 2982 836 3015 Β.
947 2987 968 3006 ¹¹
989 2980 1027 3015 ἂν
1050 2983 1083 3016 S.
1116 2981 1148 3027 γ’
1166 2980 1205 3015 ἂν
1226 2982 1312 3019 F.Q.
1347 2982 1411 3025 γὰρ
1431 2993 1459 3013 r.

224 3055 320 3080 von.
344 3054 412 3080 111.
889 3056 910 3081 13
933 3042 960 3081 b
