1965 3236
16 169 169 221 —850‚
189 182 219 209 7.
690 171 831 207 ΠΡΟΣ
865 171 1101 207 ΑΦΟΒΟΝ.
1569 169 1652 208 883

141 278 303 342 δήπου,
342 282 495 346 ψευδῆ
537 280 795 344 μαρτυρίαν
840 283 877 328 εἰ
921 279 1349 345 παρεσκευαζόμην,
1388 279 1653 347 ίἐνέγραψα

142 360 198 412 ἂν
234 367 294 415 εἱς
331 362 437 415 τοὺς
475 362 726 428 μάρτυρας,
762 364 884 427 ὁρῶν
921 361 1005 424 μὲν
1039 361 1242 430 Ἀφόβῳ
1280 362 1520 428 χρώμενον
1557 362 1651 425 μά-

144 447 268 495 λιστ’
303 445 563 510 ἀνθρώπων
600 444 833 506 ἁπάντων,
871 444 999 497 εἰδὼς
1034 443 1081 494 δὲ
1117 446 1380 509 συνεροῦντ’
1410 446 1534 512 αὐτῷ
1571 444 1656 507 τὴν

144 529 288 591 δίκην,
324 528 388 577 ε”τι
428 529 466 576 δ’
502 529 699 589 ἐμαυτοῦ
739 525 830 576 ὅντ’
868 527 1113 576 ἀντίδικον·
1160 528 1212 576 οὐ
1247 526 1339 592 γὰρ
1378 527 1470 593 ἔχει
1508 527 1708 592 λόγονιο

143 610 224 659 τὸν
263 611 425 660 ἑαυτοῦ
464 609 689 676 διάφορον
727 609 837 659 Ι(καὶ
875 609 1042 659 τούτου
1081 609 1291 678 ἀδελφὸν
1330 609 1394 673 μὴ
1433 612 1657 673 ἀληθινῆς

81 714 129 742 22
143 694 397 758 μαρτυρίας
438 691 678 759 ἐγγράψαι
721 692 951 758 μάρτυρα.
1018 692 1196 743 τούτων
1240 693 1395 742 τοίνυν
1439 695 1531 742 εἶσὶ
1574 692 1658 756 μὲν

143 778 319 826 πολλοὶ
357 775 600 841 μάρτυρες,
635 775 701 825 ε”τι
736 776 772 825 δ’
802 776 884 824 οὐκ
923 774 1104 826 ἐλάττω
1141 775 1364 842 τεκμήρια
1402 780 1495 825 τῶν
1532 799 1653 842 μαρ-

144 859 309 924 τύρων.
383 863 571 923 πρῶτον
615 858 699 921 μὲν
743 858 849 924 γὰρ,
895 859 1019 924 εἴπερ
1065 862 1127 913 ὡς
1171 862 1360 923 ἀληθῶς
1404 866 1550 910 ταῦτα
1593 859 1709 924 μὴῐ5

146 943 480 1008 ἐμαρτύρησεν,
508 943 590 991 οὐκ
616 941 673 992 ἂν
703 947 783 992 νῦν
818 942 1009 1010 ἔξαρνος
1042 941 1112 1005 ἧν,
1139 942 1270 993 ἀλλὰ
1295 943 1391 993 τότ’
1419 942 1550 996 εὐθὺς
1585 944 1660 993 ἐπὶ

145 1031 227 1075 τοῦ
262 1026 563 1090 δικαστηρίου
602 1027 684 1087 τῆς
722 1025 976 1091 μαρτυρίας
1012 1024 1495 1090 ἀναγιγνωσκομένης,
1528 1026 1661 1087 ἡνίκα

144 1113 333 1170 μᾶλλον
361 1107 417 1157 ἂν
445 1106 583 1157 αὐτὸν
610 1106 638 1170 ἢ
666 1112 746 1157 νῦν
774 1107 962 1175 ὠφέλει.
1018 1108 1229 1172 δεύτερον
1262 1109 1298 1156 δ’
1328 1109 1411 1157 οὐκ
1445 1106 1503 1156 ἂν
1537 1107 1658 1169 ἡσυ-

145 1192 252 1257 χίαν
282 1189 409 1255 ἦγεν,
436 1189 567 1239 ἀλλά
598 1191 728 1254 δίκην
767 1190 824 1239 ἄν
861 1213 940 1252 μοι
974 1189 1163 1253 βλάβης
1201 1190 1383 1256 ἔλαχεν,
1411 1193 1447 1239 εἰ
1481 1191 1659 1257 ψευδο-

147 1278 412 1340 μαρΤυριῶν
460 1273 679 1323 ὑπόδικον
725 1271 865 1322 αὐΤον
914 1273 1096 1323 ἐποίουν
1139 1271 1148 1298 l

1165 1271 1282 1322 κατὰ
1325 1274 1565 1340 τάδελφοῦ
1610 1272 1715 1322 01’120

147 1359 405 1422 προσῆκον,
432 1358 480 1406 ἐν
505 1355 534 1423 ᾗ
562 1359 635 1407 καὶ
666 1358 772 1422 περὶ
798 1355 1051 1422 χρημάτων
1077 1359 1152 1406 καὶ
1178 1358 1325 1421 ΠΙπερὶ
1358 1356 1541 1419 ἀτιμίας
1575 1356 1660 1405 ἄν-

84 1456 133 1497 23
149 1443 327 1505 θρωποι
353 1439 711 1490 κινδυνεύουσιν.
764 1438 829 1488 ε”τι
856 1438 903 1488 δὲ
929 1438 982 1488 τὸ
1007 1440 1183 1504 πρᾶγμ’
1214 1437 1269 1489 ἂν
1302 1439 1547 1506 ἐξελέγξαι
1581 1438 1659 1504 ζη-

148 1527 242 1573 τῶν
269 1521 527 1590 Πέξῄτησεν
553 1524 610 1572 ἄν
641 1545 696 1584 με
731 1522 814 1572 τὸν
848 1526 993 1572 παῖδα
1028 1521 1109 1572 τὸν
1139 1521 1385 1589 γράφοντα
1419 1520 1502 1574 τὰς
1536 1543 1658 1586 μαρ-

150 1606 319 1670 τυρίας,
365 1606 418 1656 ἵν’
466 1609 502 1655 εὶ
554 1613 571 1630 ⁰
588 1605 652 1668 μὴ
696 1606 985 1670 παρεδίδουν,
1030 1612 1049 1639 p
1066 1604 1210 1667 μηδὲν
1256 1606 1431 1655 δίκαιον
1474 1611 1494 1638 q
1510 1605 1663 1668 λέγειν
1677 1624 1714 1655 25

150 1689 352 1739 ἐδόκουν.
402 1695 483 1739 νῦν
509 1687 558 1738 δὲ
584 1694 810 1738 Γτοσοῦτο
835 1694 917 1739 τοῦ
943 1688 1143 1750 ποιῆσαί
1165 1710 1208 1737 τι
1234 1687 1436 1738 Βτούτων
1462 1687 1664 1751 ἐδέησεν,

150 1770 261 1821 ὥστ’
292 1772 384 1821 οὐδ’
413 1773 524 1834 ἐμοῦ
550 1770 900 1837 παραδιδόντος,
928 1770 1082 1834 ἐπειδὴ
1109 1772 1235 1821 ταῦτ’
1264 1771 1456 1838 ἔξαρνος
1483 1770 1665 1835 ἐγένεθ’,

151 1855 285 1908 οὗτος
323 1859 621 1920 παραλαβεῖν
659 1854 914 1918 ἠθέλησεν,
953 1855 1062 1903 ἀλλ’
1104 1855 1271 1916 ὁμοίως
1310 1855 1556 1921 φαίνονται
1594 1855 1669 1903 καὶ

88 1956 140 1994 24
151 1941 257 2003 περὶ
282 1937 460 1988 τούτων
488 1938 738 2006 φεύγοντες
765 1937 848 1991 τὰς
873 1938 1129 1998 βασάνους.
1174 1939 1248 1987 καὶ
1274 1938 1402 1987 ταῦθ’
1426 1938 1486 1989 ὡς
1512 1938 1668 2000 ἀληθῆ

153 2021 292 2086 λέγω,
324 2023 400 2071 καὶ
434 2020 482 2070 ε”ν
514 2044 563 2072 τε
598 2025 692 2074 τοῖς·
728 2019 935 2087 μάρτυσι
970 2019 1334 2087 μεμαρτυρηκὼς
1359 2019 1555 2073 ῐΑ’ίσιος
1586 2020 1667 2070 οὐκ
1681 2030 1763 2084 850

150 2102 358 2169 ιιήρνήθη
389 2108 537 2153 ταῦτα
571 2104 646 2153 ἐπὶ
680 2108 762 2153 τοῦ
798 2104 1100 2168 δικαστηρίου
1127 2102 1308 2171 Χτούτῳ
1333 2101 1670 2169 ἶ’παρεστηκὼς

151 2188 234 2248 τῆς
295 2186 552 2250 μαρτυρίας
608 2185 1094 2250 ἀναγιγνωσκομένης,
1150 2187 1261 2248 ἐμοῦ
1317 2187 1355 2235 τ’
1409 2184 1670 2239 ἐκδιδόντος

154 2264 236 2315 τὸν
279 2267 424 2316 παῖδα
469 2269 573 2330 περὶ
618 2272 634 2290 ²
653 2264 873 2316 ἁπάντων
917 2272 935 2291 ⁸
951 2265 1128 2316 τούτων
1170 2263 1440 2329 βασανίζειν
1480 2263 1670 2318 habron}

156 2349 238 2398 οὐκ
271 2347 475 2411 ἠθέλησε
514 2353 823 2413 παραλαβεῖν,
861 2352 990 2398 οκαθ’
1027 2349 1227 2398 ἕκαστον
1265 2350 1370 2410 ὑμῖν
1407 2347 1697 2414 παρέξομαιε

155 2430 261 2484 τοὺς
287 2429 537 2496 μάρτυρας.
589 2432 669 2480 καί
690 2453 768 2493 μοι
795 2430 926 2481 κάλει
953 2432 1069 2496 δεῦρ’
1099 2431 1279 2484 αὐτούς.

209 2551 219 2578 i
239 2552 430 2599 ἐνέγραψα]
455 2553 593 2597 ἔγραψα
613 2553 651 2586 F.
741 2549 760 2576 k
782 2553 834 2585 καὶ
853 2551 974 2586 τούτου
994 2552 1146 2597 ἀδελφὸν
1165 2565 1234 2587 om.
1256 2554 1329 2587 A.r.
1418 2551 1427 2577 Ῑ
1448 2552 1531 2586 κατὰ
1547 2552 1668 2586 τάδελ-

156 2607 244 2652 φοῦ]
270 2607 352 2640 κατὰ
370 2608 430 2639 τοῦ
450 2605 605 2649 ἀδελφοῦ
626 2606 664 2639 F.
692 2604 761 2638 κατ’
777 2605 932 2650 ἀδελφοῦ
951 2606 1024 2639 Α.1·.
1097 2612 1127 2630 m
1146 2607 1223 2651 περὶ
1243 2618 1313 2640 om.
1332 2607 1372 2640 A.
1445 2613 1462 2631 ¹¹
1485 2604 1665 2650 ἐξῄτησεν]

157 2659 318 2702 ἐζήτησεν
336 2658 450 2692 A.S.r.
526 2664 544 2682 ⁰
566 2658 610 2702 μὴ
631 2670 701 2692 om.
720 2659 758 2691 F.
836 2663 854 2690 P
874 2657 994 2703 μηδὲν]
1019 2659 1121 2702 μηδὲν
1140 2658 1180 2692 ἂν
1195 2660 1266 2693 A.r.
1342 2665 1360 2691 (l
1381 2657 1492 2703 λέγειν
1512 2656 1666 2702 ἐδόκουν]

973 2720 989 2737 ν

1599 2719 1626 2736 Οι

158 2744 296 2778 ἐδόκουν
315 2745 428 2789 λέγειν
447 2744 520 2777 A.r.
618 2749 632 2768 Γ
651 2743 816 2788 τοσοῦτο]
841 2745 988 2777 τοσοῦτο
1010 2744 1052 2777 Β.
1083 2746 1251 2778 τοσοῦτον
1271 2756 1297 2778 r.
1388 2749 1401 2767 S
1422 2742 1566 2787 τούτων]
1591 2744 1669 2775 τοῦ·

158 2810 218 2830 τον
237 2797 275 2829 F.
348 2799 357 2818 ῒ
380 2795 498 2831 Αἴσιος
518 2808 586 2831 om.
603 2798 674 2831 A.r.
691 2803 726 2830 et
746 2808 797 2841 pr.
816 2797 851 2829 S.
872 2796 907 2829 in
927 2811 981 2841 γρ.
999 2797 1103 2830 habet
1121 2797 1158 2830 F.
1226 2802 1246 2820 1¹
1267 2795 1408 2841 ἠρνήθη]
1432 2794 1556 2839 ἠρνήθη
1576 2809 1612 2828 τε
1634 2794 1670 2827 S.

429 2857 464 2875 OU
1354 2857 1386 2875 Εν

160 2887 176 2902 ¹
197 2880 324 2928 τούτῳ]
349 2880 457 2928 τούτῳ
478 2880 515 2916 F.
545 2880 667 2915 τούτου
686 2896 741 2927 γρ.
761 2882 796 2915 S.
876 2887 894 2914 Y
914 2882 1149 2927 παρεστηκὼς]
1174 2894 1394 2926 παρεστηκως
1415 2880 1452 2913 F.
1527 2884 1545 2903 Ζ
1565 2879 1670 2912 ἁπάν-

158 2948 225 2967 των
245 2945 313 2967 om.
334 2934 373 2967 F.
475 2939 494 2959 ἃ
513 2933 657 2979 τούτων]
680 2936 741 2968 τοῦ
761 2947 789 2968 r.
895 2933 911 2957 b
933 2934 1061 2980 αὐτοῖς]
1085 2935 1185 2969 αὐτὸς
1205 2938 1380 2967 correctus
1403 2932 1439 2966 S,
1541 2936 1556 2956 ⁰
1576 2930 1667 2977 καθ’]

159 2987 211 3019 καὶ
232 2985 302 3020 καθ’
325 2987 362 3020 F.
