1965 3236
278 171 389 211 1030
795 174 1222 212 ΔΗΜΟΣΘΕΝΟΎΣ
1284 173 1360 212 On.
1382 172 1623 212 XXXIX.
1647 187 1685 226 p.
1706 185 1914 226 999,16-—

275 289 423 334 ταῦτα
463 285 499 334 δ’
537 287 574 333 εὶ
612 283 678 347 μὴ
717 282 1101 347 σεσημασμένων
1140 283 1228 348 ἤδη
1267 285 1446 350 συνέβη
1485 289 1579 335 τῶν
1617 285 1793 351 ἐχίνων,

211 373 294 414 18⁰
313 365 400 417 κᾶν
449 366 689 433 μάρτυρας
741 369 846 430 ὑμῖν
896 366 1222 434 παρεσχόμην.
1292 366 1391 418 εἶεν.
1461 372 1498 418 εὶ
1549 366 1596 418 δὲ
1641 367 1794 435 ξενίας

275 452 634 516 προσκληθείη,
676 456 877 504 πολλοῖς
910 451 958 502 δὲ
987 451 1284 517 προσκρούει,
1318 454 1393 502 καὶ
1427 451 1480 502 ὃν
1511 450 1790 515 ἠναγκάσθη

274 533 449 599 τρόπον
475 535 528 584 Ρὸ
553 534 710 601 πατὴρ
734 535 1031 599 ποιήσασθαι
1057 534 1211 597 αὐτὸν,
1239 536 1292 585 οὐ
1318 537 1533 600 λέληθεν.
1584 538 1707 597 ὑμεῖς
1735 536 1788 596 δ’,
1804 557 1844 578 ²0

276 616 351 667 ὅτε
386 617 470 680 μὲν
505 623 671 668 τοῦτον
703 620 784 669 οὐκ
818 620 1012 669 ἐποιεῖτο
1047 621 1071 670 ὁ
1104 619 1274 685 πατὴρ,
1306 618 1391 683 τὴν
1425 620 1601 686 μητέρα
1635 621 1789 683 ἀληθῆ

276 700 430 765 λέγειν
469 702 659 765 ἡγεῖσθε
698 702 855 751 αὐτοῦ·
902 701 1086 752 ἐπειδᾶν
1122 706 1196 753 (ἴδ’
1232 704 1352 753 οὕτω
1391 702 1594 768 γεγονώς
1628 703 1791 756 Γοῦτος

275 783 481 851 ὀχληρὸς
512 783 555 852 ᾗ,
581 784 729 835 πάλιν
761 786 866 848 ὑμῖν
893 784 1030 836 ὃποτὲ
1057 784 1181 853 δόξει
1207 787 1394 840 ῑέκεῖνος
1428 788 1582 850 ἀληθῆ
1619 786 1784 850 λέγειν.

211 888 259 927 19
275 869 322 918 τί
357 869 411 930 δ’,
449 871 485 918 εἱ
523 871 942 936 ψευδομαρτυριῶν
979 868 1259 918 ἁλώσεσθαι
1296 872 1577 934 προσδοκῶν
1615 870 1686 937 ἐφ’
1723 868 1790 922 οἷς

274 952 460 1018 ἐρανίζει
495 952 673 1005 τούτοις
707 957 803 1005 τοῖς
832 954 936 1017 περὶ
969 950 1122 1013 αὑτὸν,
1148 951 1323 1017 ἐρήμην
1347 952 1524 1002 “εόίσειε
1554 955 1783 1015 τελεσθῆ-
1803 972 1840 1001 ²5

275 1058 349 1086 ναι
382 1034 467 1099 τὴν
503 1036 633 1099 δίκην
656 1057 668 1097 ;
714 1033 805 1102 ἆρά
834 1058 888 1101 γε
920 1034 1090 1101 μικρὰν
1116 1036 1305 1101 ἡγεῖσθε
1332 1035 1540 1100 βλάβην,
1571 1034 1607 1086 ὦ
1632 1036 1794 1102 ἄνδρες

273 1120 527 1183 Ἀθηναῖοι,
555 1120 603 1169 ἐν
630 1120 845 1187 κοινωνίᾳ
869 1118 953 1169 τὸν
979 1118 1193 1170 Χᾶπαντα
1218 1118 1326 1179 βίον
1351 1122 1433 1182 τῆς
1459 1119 1626 1170 τούτου
1651 1118 1792 1187 δόξης

274 1203 349 1253 καὶ
375 1206 470 1253 τῶν
496 1202 646 1267 ἔργων
672 1200 815 1262 εῖναις

209 1304 261 1333 20
340 1285 455 1337 ‘'O-n
489 1287 643 1337 τοίνυν
677 1287 772 1336 οὐδ’
801 1283 831 1336 ἃ
861 1285 1174 1354 διεξελήλυθα
1211 1288 1316 1349 ὑμῖν
1350 1287 1502 1351 μάτην
1535 1291 1790 1355 φοβοῦμαι,

273 1370 557 1436 θεωρήσατε.
618 1370 752 1423 οὗτος
786 1369 880 1436 γὰρ
914 1369 1002 1432 ἤδη
1038 1373 1113 1419 καὶ
1151 1368 1342 1437 γραφάς
1378 1393 1520 1432 τινας,
1553 1368 1589 1419 ὦ
1627 1370 1790 1436 ἄνδρες
1807 1392 1914 1420 1000

275 1458 529 1517 Ἀθηναῖοι,
556 1453 802 1521 πέφευγεν,
829 1454 901 1521 ἐφ’
930 1451 1001 1505 αῖς
1027 1451 1158 1502 οὐδὲν
1190 1452 1332 1506 α’ίτιος
1362 1452 1427 1503 ὢν
1461 1451 1554 1518 ἐγὼ
1589 1456 1782 1504 συνδια-

272 1537 531 1601 βάλλομαι,
576 1540 651 1588 καὶ
700 1540 782 1601 τῆς
827 1539 974 1604 ἀρχῆς
1017 1536 1367 1605 Υήμφεσβήτει,
1411 1536 1468 1600 ἣν
1513 1538 1637 1600 ὑμεῖς
1678 1536 1790 1600 Ζέμὲ

271 1621 666 1689 ἐχειροτονήσατε,
710 1622 785 1672 καὶ
835 1619 1000 1672 πολλὰ
1051 1623 1127 1672 καὶ
1173 1623 1380 1688 δυσχερῆ
1426 1619 1501 1672 διὰ
1544 1619 1598 1672 τὸ
1643 1619 1791 1684 ὄνομα

271 1705 573 1768 συμβέβηκεν
622 1705 745 1768 ἡμῖν,
796 1703 874 1766 ὧν,
926 1705 983 1755 ἵν’
1036 1707 1195 1769 εἰδῆτε,
1247 1704 1496 1756 aenaim-mv
1551 1703 1817 1770 μάρτυραςε

272 1789 378 1851 ὑμῖν
410 1788 689 1857 παρέξομαι.

871 1875 1193 1916 MAPTTPEE.

207 1982 255 2011 21
345 1959 533 2024 Ὁρᾶτε,
567 1955 604 2008 ὦ
640 1958 802 2024 ἄνδρες
839 1961 1094 2021 Ἀθηναῖοι,
1127 1956 1186 2008 τὰ
1220 1958 1560 2020 συμβαίνοντα,
1595 1959 1671 2007 καὶ
1705 1956 1790 2020 τὴν

837 2039 856 2067 b

273 2043 438 2105 ἀηδίαν
481 2041 567 2105 τὴν
611 2043 660 2092 ἐκ
710 2047 793 2092 τοῦ
874 2040 1166 2107 πράγματος.
1235 2044 1271 2090 εἱ
1321 2041 1474 2090 τοίνυν
1518 2039 1612 2103 ςμὴ
1654 2039 1789 2103 ἀηδὲς

273 2124 330 2189 ῆν
363 2126 413 2175 ἐκ
450 2124 628 2176 τούτων
669 2127 776 2188 μηδ’
818 2123 941 2176 ὅλως
979 2123 1205 2174 ἀδύνατον
1243 2123 1413 2173 ταύτὸν
1449 2122 1604 2190 ἀὲχειν
1643 2123 1789 2186 ὄνομα
1809 2147 1844 2168 ιο

273 2209 383 2272 ἡμῖν
420 2209 708 2270 συνέβαινεν,
744 2209 797 2258 οὐ
835 2206 984 2271 δήπου
1023 2212 1191 2258 τοῦτον
1231 2207 1314 2270 μὲν
1350 2208 1525 2257 δίκαιον
1562 2206 1616 2257 τὸ
1650 2207 1789 2272 μέρος

273 2297 368 2343 τῶν
394 2294 540 2356 Εέμῶν
565 2291 820 2359 χρημάτων
852 2291 971 2357 ἔχειν
1002 2291 1121 2341 κατὰ
1151 2290 1235 2354 τὴν
1267 2291 1474 2354 ποίησιν,
1501 2290 1559 2353 ἣν
1585 2291 1610 2340 ὁ
1635 2289 1790 2354 πατὴρ

274 2376 414 2426 αὐτὸν
454 2378 769 2441 ἀναγκασθεὶς
814 2374 1084 2437 ἐποιήσατο,
1127 2373 1204 2436 ἐμὲ
1248 2377 1289 2425 δ’
1329 2376 1636 2440 ἀφαιρεθῆναι
1677 2374 1784 2423 τοῦ-

329 2565 347 2583 0
368 2557 443 2605 κᾶν]
470 2561 522 2593 καὶ
543 2572 571 2593 r.
715 2565 734 2592 P
755 2561 772 2592 ὁ
793 2560 902 2604 πατὴρ
922 2558 1131 2602 ποιήσασθαι
1152 2556 1270 2601 αὐτὸν]
1294 2556 1504 2600 ποιήσασθαι
1524 2558 1625 2591 αὐτὸν
1645 2559 1662 2590 ὁ
1682 2558 1791 2602 πατὴρ

277 2611 364 2650 F.Q.
449 2618 468 2644 q
488 2611 517 2645 δ’
538 2624 607 2645 om.
628 2624 680 2656 pr.
704 2612 739 2645 S.
838 2618 852 2636 Γ
873 2611 970 2646 οὗτος
991 2623 1061 2646 om.
1084 2610 1171 2649 FUQ
1268 2615 1281 2633 S
1304 2611 1385 2643 ποτε
1407 2610 1516 2656 δόξει]
1542 2611 1644 2643 ὁπότε
1664 2611 1792 2654 δόξειεν

277 2681 366 2719 F.Q.
464 2679 478 2705 t
498 2680 637 2725 ἐκεῖνος]
663 2674 786 2713 ἐκεῖνοῧ
808 2681 848 2714 F.
880 2680 1004 2713 ἐκεῖνον
1025 2680 1070 2717 Q.
1157 2684 1177 2702 ¹¹
1197 2679 1325 2724 ἐάσειε]
1351 2680 1468 2713 ἐάσετε
1488 2691 1514 2712 r.
1601 2684 1620 2703 X
1640 2678 1787 2724 ἅπαντα]

275 2734 385 2766 πάντα
405 2733 449 2771 Q.
578 2739 597 2766 Y
617 2732 834 2777 ἠμφεσβήτει
855 2733 889 2766 S.
922 2731 1135 2777 ἠμφισβήτει
1156 2732 1271 2777 vulgo.
1403 2738 1416 2753 Ζ
1438 2732 1494 2775 ἐμὲ
1515 2731 1791 2775 ἐχειροτονήσατε

278 2786 368 2824 RQ.
409 2785 733 2830 ἐπεχειροτονήσατε
758 2798 807 2830 pr.
832 2786 866 2819 S.
889 2786 922 2818 in
946 2797 1014 2830 quo
1035 2785 1135 2818 litera
1154 2799 1178 2818 π
1199 2785 1234 2817 in
1254 2785 1293 2826 μὲ
1315 2791 1449 2817 mutata
1473 2791 1525 2817 est
1545 2796 1565 2817 a
1585 2791 1789 2818 correctore.

279 2839 476 2883 Legebatur
497 2839 553 2881 ἐμὲ
575 2837 909 2882 ἐπεχειροτονήσατε.
993 2843 1011 2861 ἢ
1031 2836 1198 2882 ἑκάστων]
1224 2836 1347 2870 ἕκαστα
1368 2851 1423 2881 γρ.
1448 2837 1482 2870 S.
1557 2833 1576 2860 b
1597 2837 1792 2881 πράγματος

279 2891 347 2925 SJ.
380 2891 579 2937 Legebatur
599 2891 795 2935 πράγματος
816 2891 982 2934 θεωρεῖτε.
1071 2895 1086 2913 ⁰
1106 2890 1150 2932 μὴ
1173 2890 1207 2924 S.
1244 2889 1443 2934 Legebatur
1462 2889 1575 2932 μηδέν.
1664 2888 1682 2913 d
1702 2890 1792 2932 ἔχειν

278 2954 346 2977 om.
368 2955 395 2977 r.
510 2948 524 2967 e
546 2943 634 2986 ἐμῶν
653 2955 724 2978 om.
746 2955 773 2977 r.
815 2943 857 2976 In
877 2957 931 2988 γρ.
952 2943 1082 2976 habent
1104 2942 1190 2980 RQ.
