1965 3236
20 171 175 223 -892s
196 190 225 213 ⁵.
630 179 771 215 ΚΑΤΑ
804 178 1171 215 ΑΠΑΤΟΎΡΙΟΝ.
1573 175 1655 216 925

853 374 953 421 ΛΓ.

217 520 431 572 ΠΡΟΣ
486 521 1021 573 ΑΠΑΤΟΊῬΙΟΝ
1071 519 1583 572 ΠΑΡΑΓΡΑΦΗ.

797 726 1034 755 ΥΠΟΘΕΣΙΣ.

200 804 238 838 ‘O
269 807 578 850 παραγραφόμενος
606 806 666 849 τὴν
694 804 788 849 δίκην
819 806 884 850 ἰδίᾳ
915 807 976 849 μέν
998 820 1071 839 τινα
1098 806 1296 849 συμβόλαια
1321 805 1405 850 πρὸς
1435 802 1660 849 Ἀπατούριον

146 869 234 913 ἔχων
256 868 385 914 ὄφεσιν
408 870 458 903 ἐπ’
480 870 616 904 ἐκείνοις
642 871 694 903 καὶ
714 869 916 915 ἀπαλλαγὴν
946 870 1141 913 ἐποιήσατο,
1165 871 1222 902 νῦν
1248 869 1283 902 δέ
1311 869 1395 913 ὑπὲρ
1425 867 1661 912 Παρμένοντος

147 932 337 977 ἐγκαλεῖται
376 934 428 967 καὶ
461 933 649 967 ἀπαιτεῖται
686 933 853 979 χρήματα.
902 935 919 966 ὁ
953 935 1018 979 γὰρ
1052 934 1236 978 Παρμένων
1266 931 1408 976 πολίτης
1437 933 1498 976 μὲν
1528 931 1566 975 ἦν
1599 933 1689 972 τοῦ5

147 996 297 1041 ἐμπόρου
317 999 378 1030 τοῦ
397 996 622 1043 Ἀπατουρίου
644 999 832 1040 Βυζάντιος,
855 998 971 1046 φυγὴν
991 998 1026 1031 δέ
1047 998 1082 1031 ἐκ
1111 999 1169 1040 τῆς
1197 997 1358 1042 πατρίδος
1387 996 1659 1030 κατεδεδίκαστο.

148 1061 242 1107 φίλῳ
269 1061 304 1094 δὲ
329 1060 398 1094 κατ’
418 1061 524 1107 ἀρχὰς
549 1065 596 1109 τῷ
613 1061 824 1109 Ἀπατουρίῳ
852 1064 1037 1107 χρώμενος,
1062 1062 1206 1106 ὕστερον
1231 1060 1474 1106 προσκρούσας
1501 1061 1548 1095 εἷς
1571 1060 1663 1094 δίκας

148 1123 243 1167 ἦλθε,
275 1127 327 1158 καὶ
353 1126 465 1159 ἐδίωκε
494 1127 554 1160 τὸν
578 1125 802 1172 Ἀπατούριον
827 1129 968 1172 πληγῶν
998 1141 1035 1160 τε
1066 1128 1118 1160 καὶ
1146 1127 1292 1168 βλάβης,
1322 1124 1469 1158 κάκεῖνος
1499 1122 1593 1158 αὖθις
1617 1127 1664 1170 τῷ
1683 1129 1717 1150 ¹0

148 1189 359 1232 Παρμένοντι
380 1188 473 1232 δίκην
492 1189 688 1234 ἀντέλαχεν.
730 1191 747 1223 ὁ
774 1191 834 1233 μὲν
855 1189 913 1223 οὖν
935 1188 1158 1234 Ἀπατούριος
1179 1189 1254 1223 (ἱένὶ
1280 1189 1430 1231 διαιτητῇ
1460 1187 1499 1220 τὸ
1525 1188 1664 1231 πρᾶγμα

148 1250 372 1297 ἐπιτραπῆναί
408 1254 518 1297 φησιν
548 1252 776 1298 Ἀριστοκλεῖ,
811 1253 959 1287 κάκεῖνον
987 1256 1192 1299 καταγνῶναι
1223 1255 1283 1286 τοῦ
1315 1251 1562 1296 Παρμένοντος·
1593 1248 1663 1283 διό-

148 1328 212 1360 περ
238 1316 293 1349 ἐπὶ
318 1319 440 1350 τοῦτον
465 1317 534 1360 ἥκει
560 1319 619 1351 τὸν
645 1321 702 1352 νῦν
728 1320 1038 1364 παραγραφόμενον
1064 1318 1124 1361 τὴν
1153 1318 1257 1360 δίκην,
1289 1316 1454 1362 ἐγγυητὴν
1480 1317 1540 1348 τοῦ
1570 1320 1662 1359 Παρ-

149 1380 308 1421 μένοντος
326 1382 530 1426 γεγενῆσθαι
557 1383 711 1426 φάσκων.
761 1384 778 1415 ὁ
803 1383 838 1416 δέ
859 1383 955 1416 οὐδὲν
981 1381 1110 1416 τούτων
1134 1383 1306 1426 ὁμολογεῖ,
1327 1381 1417 1414 ἀλλὰ
1442 1384 1578 1425 πρῶτον
1603 1378 1664 1422 μέν
1681 1388 1715 1417 ¹5

150 1443 240 1487 φησι
273 1445 386 1488 τρισὶν
415 1445 537 1480 αὐτοὺς
574 1445 757 1491 ἐπιτρέψαι
791 1447 986 1489 διαιτηταῖς,
1021 1447 1084 1491 οὐχ
1119 1447 1165 1479 ἑνὶ
1203 1448 1250 1492 τῷ
1287 1445 1514 1490 Ἀριστοκλεῖ,
1549 1444 1665 1477 ἔπειτα

150 1506 316 1552 ἐγγυητὴν
347 1511 407 1542 τοῦ
436 1510 673 1554 Παρμένοντος
703 1511 737 1544 ἐν
766 1512 838 1545 ταῖς
868 1511 1048 1554 συνθήκαις
1069 1509 1269 1556 ’Ἄρχιππον
1300 1510 1484 1554 γραφῆναι,
1516 1507 1665 1541 κάκείνας

151 1571 187 1605 δὲ
217 1572 448 1616 ἀφανισθῆναι
486 1576 545 1609 τὰς
576 1575 743 1616 συνθήκας
778 1574 957 1620 κακουργίᾳ
990 1577 1050 1608 τοῦ
1086 1574 1325 1618 Ἀπατουρίου,
1360 1571 1568 1606 Γπείσαντος
1604 1571 1664 1604 τὸν
1680 1580 1721 1601 ²0

150 1633 374 1680 Ἀριστοκλέα
400 1638 459 1670 τὸν
488 1638 611 1682 ἔχοντα
641 1639 743 1674 αὐτὰς
771 1639 815 1682 μὴ
847 1638 993 1682 κομίζειν
1023 1639 1070 1673 εἷς
1099 1639 1218 1682 μέσον,
1244 1637 1335 1671 ἀλλὰ
1365 1637 1479 1681 λέγειν
1510 1635 1553 1670 ὡς
1578 1633 1662 1668 ‹ivo-
1682 1632 1763 1685 892

150 1703 279 1736 λώλεκε
308 1704 347 1736 τὸ
375 1705 604 1748 γραμματεῖον
635 1703 804 1738 καθεύδων
829 1706 847 1737 ὁ
877 1706 965 1739 παῖς”
998 1705 1112 1750 ἑτέρας
1138 1704 1173 1737 δέ
1198 1703 1307 1736 οὐκέτι
1337 1703 1508 1747 γραφῆναι
1538 1698 1663 1743 συνθή-

152 1779 220 1806 κας,
253 1766 332 1800 οὐδὲ
369 1766 589 1810 ἐπιτραπῆναι
626 1768 665 1800 τὸ
695 1769 834 1813 πρᾶγμα
865 1768 1013 1810 Ξδιαίτῃ,
1044 1768 1103 1810 τῆς
1140 1767 1201 1810 μὲν
1233 1767 1400 1811 πρότερον
1436 1762 1666 1808 ἀναιρεθείσης

151 1831 192 1871 τῇ
221 1833 288 1863 τῶν
318 1830 493 1873 συνθηκῶν
525 1829 686 1875 ἀπωλείᾳ,
719 1830 876 1876 δευτέρας
910 1831 945 1864 δέ
979 1831 1089 1864 οὐκέτι
1123 1830 1357 1873 συμβαθείσης
1387 1829 1509 1863 αὐτοῖς·
1539 1828 1599 1861 τὸν
1628 1827 1696 1864 δὲ5

151 1892 376 1939 Ἀριστοκλέα
420 1894 511 1938 παρὰ
548 1895 657 1927 πάντα
698 1895 739 1928 τὰ
777 1894 886 1928 δίκαια
932 1895 1013 1927 κατὰ
1051 1895 1112 1926 τοῦ
1150 1892 1386 1938 Παρμένοντος
1423 1889 1665 1935 ἀποφήνασθαι

152 1957 258 1991 οὐκέτ’
293 1957 373 1992 ὅντα
405 1959 588 2002 διαιτητὴν,
622 1959 675 1992 καὶ
712 1961 818 1992 ταῦτα
851 1958 1103 2001 ἀποδημοῦντος
1139 1972 1175 1990 τε
1212 1959 1271 1990 τοῦ
1309 1955 1546 2000 Παρμένοντος
1583 1954 1666 1987 κατὰ

153 2022 338 2067 συμφορὰν
362 2022 513 2067 μεγάλην
536 2023 588 2056 καὶ
617 2022 885 2068 ἀπηγορευκότος
909 2023 998 2069 αὐτῷ
1026 2021 1070 2066 μὴ
1097 2022 1239 2055 διαιτᾶν.
1283 2020 1387 2053 ταῦτά
1413 2034 1449 2053 τε
1479 2017 1538 2052 οὖν
1564 2019 1581 2050 ὁ
1606 2017 1666 2060 τὴν
1685 2030 1721 2051 10

152 2082 245 2126 δίκην
282 2085 421 2128 φεύγων
453 2083 665 2128 προτείνεται
700 2085 741 2117 τὰ
776 2084 897 2124 δίκαια,
930 2084 982 2117 καὶ
1014 2084 1275 2128 παραγράφεται
1308 2083 1366 2115 τὸν
1399 2081 1522 2126 ἀγῶνα,
1557 2079 1667 2124 λέγων

152 2147 207 2181 ε’πὶ
235 2148 296 2190 μὲν
321 2149 392 2182 τοῖς
414 2148 606 2192 γενομένοις
631 2148 721 2195 αὑτῷ
749 2149 833 2193 πρὸς
852 2146 1079 2192 Ἀπατούριον
1107 2146 1333 2190 συμβολαίοις
1361 2145 1489 2189 ἶίφεσιν
1509 2143 1665 2188 ὑπάρξαι,

153 2209 298 2255 ὕστερον
318 2211 352 2244 δέ
374 2211 470 2244 οὐδέν
489 2212 539 2244 ἕτι
557 2212 760 2257 γεγενῆσθαι
780 2213 1005 2256 συμβόλαιον,
1027 2212 1104 2256 περὶ
1124 2211 1159 2244 δέ
1179 2213 1245 2243 τῶν
1264 2207 1426 2243 τοιούτων
1445 2208 1524 2242 τοὺς
1545 2208 1667 2251 νόμους
1684 2214 1718 2245 ¹5

154 2274 198 2317 μὴ
219 2274 345 2307 διδόναι
366 2274 569 2316 δικάζεσθαι.

157 2379 339 2453 Γ[ΟΙΣ
377 2401 462 2464 μὲν
500 2400 731 2466 ἐμπόροις,
763 2396 799 2448 ὦ
830 2399 993 2465 ἄνδρες
1027 2400 1282 2460 ἵδικασταὶ,
1309 2402 1384 2450 καὶ
1423 2404 1516 2452 τοῖς
1553 2421 1663 2449 ναύ-

156 2483 345 2550 κλήροις
384 2483 558 2535 κελεύει
585 2485 610 2533 ὁ
637 2483 776 2546 νόμος
803 2481 916 2533 εἶναι
950 2482 1033 2536 τὰς
1059 2485 1188 2537 δίκας
1225 2483 1343 2549 πρὸς
1381 2481 1489 2535 τοὺς
1514 2486 1663 2532 ιιθεσ-

156 2567 368 2630 μοθέτας,
402 2567 481 2617 ἐάν
517 2589 561 2617 τι
596 2568 843 2616 ἀδικῶνται
874 2567 923 2615 ἐν
947 2571 1013 2633 τῷ
1047 2568 1287 2635 Χἐμπορίῳ
1313 2566 1341 2630 ἢ
1371 2566 1550 2616 ἐνθένδε
1587 2587 1669 2615 ποι

157 2651 379 2704 πλέοντες
405 2649 433 2714 ὴ
461 2650 682 2715 ἑτέρωθεν
708 2652 857 2714 δεῦρο,
878 2651 952 2698 καὶ
980 2654 1074 2702 τοῖς
1100 2652 1313 2700 ἀδικοῦσι
1334 2648 1512 2712 δεσμὸν
1533 2647 1666 2714 ἔταξε
1683 2670 1699 2698 5

212 2818 232 2845 q
252 2813 300 2846 ἑνὶ
320 2812 479 2846 VVolfius.
524 2812 559 2845 ἐν
577 2811 696 2856 vulgo.
743 2811 786 2843 V.
816 2823 851 2856 p.
876 2805 966 2856 897,
990 2820 1024 2844 2.
1163 2815 1177 2834 Γ
1205 2809 1404 2854 πείσαντος]
1427 2808 1607 2841 πείσαντες
1627 2806 1667 2839 F.

159 2870 173 2890 Β
194 2865 304 2908 διαίτῃ
326 2866 522 2900 Bekkerus.
572 2864 771 2909 Legebatur
790 2862 952 2907 διαιτητῇ.
1064 2861 1078 2887 ¹⁵
1099 2862 1254 2896 δικασταὶ
1276 2863 1311 2895 S.
1333 2867 1367 2895 ct
1386 2876 1441 2906 γρ.
1463 2860 1508 2898 Q.
1558 2859 1670 2904 Lege-

157 2918 260 2951 batur
278 2917 460 2961 Ἀθηναῖοι.
582 2922 603 2941 ¹²
621 2916 848 2961 θεσμοθέτας]
874 2915 1056 2960 νομοθέτας
1075 2917 1150 2950 A.r.
1275 2921 1291 2936 ²
1313 2911 1478 2959 ἐμπορίῳ]
1505 2911 1672 2957 ἐμπορείῳ

158 2982 210 3015 pr.
234 2970 268 3005 S.
