1965 3236
69 198 223 239 —921‚
243 203 271 225 5.
714 189 855 226 ΠΡΟΣ
887 189 1192 227 ΦΟΡΜΙΩΝΑ.
1624 188 1707 230 953

192 318 271 358 μοι
304 298 412 363 παρ’
443 299 548 360 ὑμῖν
581 296 634 346 τὸ
668 298 844 347 δίκαιον
878 303 1045 357 λαβεῖν
1077 298 1206 363 παρὰ
1238 300 1524 363 Φορμίωνος,
1551 298 1706 360 ἐπειδὴ

194 376 242 426 δὲ
280 377 334 427 τὸ
373 377 672 440 συμβόλαιον
718 379 765 426 ἐν
808 383 874 446 τῳ
912 379 1145 447 ῑὺμετερῳ
1183 380 1389 447 ἐμπορίῳ
1428 380 1603 443 γέγονε,
1642 377 1736 440 μὴ5

126 477 179 517 49
196 458 398 527 φάσκειν
431 462 576 526 “παρ’
610 463 715 524 ὑμῖν
749 459 940 513 τούτους
980 461 1167 528 ὑφέξειν
1205 460 1290 523 τὴν
1325 461 1467 524 δίκην.
1521 462 1596 510 καὶ
1632 460 1706 509 ὅτε

193 542 276 605 μὲν
312 543 531 611 Θεοδότῳ
569 543 654 607 τὴν
693 545 872 594 δίαιταν
909 543 1245 610 ἐπετρέψαμεν,
1281 542 1602 608 ὡμολόγησαν
1640 540 1702 592 εῖ-

194 647 266 674 ναι
293 626 393 675 καθ’
412 627 564 675 αὑτῶν
589 627 689 689 ἐμοὶ
715 626 799 689 τὴν
826 627 958 687 δίκην
984 625 1319 690 εἰσαγώγιμον·
1355 627 1478 675 Χνυνὶ
1505 624 1552 675 δὲ
1579 625 1708 674 Υτού-

194 709 377 757 ναντιόν
404 709 630 772 λέγουσιν
661 706 726 758 ὧν
757 706 984 773 πρότερον
1018 708 1148 758 αὐτοὶ
1183 707 1618 773 συγκεχωρήκασιν,
1647 709 1708 760 ὡς
1724 712 1761 751 so

191 790 295 840 δέον
319 790 448 855 παρὰ
474 790 558 853 μὲν
584 795 678 859 Ζτῷ
704 789 924 858 Θεοδότῳ
950 795 1016 859 τῷ
1049 795 1256 840 ἰσοτελεῖ
1286 792 1512 856 ὑποσχεῖν
1542 789 1708 843 αὐτοὺς

192 874 322 936 δίκην
353 873 489 923 ἃᾶνευ
524 875 858 939 παραγραφῆς,
885 872 1039 935 ἐπειδὴ
1072 871 1120 922 δὲ
1156 877 1217 925 εἰς
1252 872 1305 922 τὸ
1339 872 1604 935 Ἀθηναίων
1636 874 1703 920 δι-

1413 953 1431 980 b

192 955 448 1021 καστήριον
493 954 812 1022 εἰσερχόμεθα,
851 956 1009 1018 μηκέτ’
1051 955 1370 1019 εἰσαγώγιμον
1447 953 1533 1017 τὴν
1577 954 1709 1017 δίκην

125 1061 180 1100 50
195 1036 322 1088 εἶναι.
365 1040 647 1101 ἐνθυμοῦμαι
674 1040 711 1086 δ’
735 1038 884 1102 ἔγωγε
910 1038 958 1086 τί
979 1037 1037 1086 ἄν
1056 1059 1169 1087 ποτε
1195 1041 1258 1089 εἷς
1282 1036 1366 1099 τὴν
1386 1036 1709 1103 παραγραφὴν

125 1718 173 1760 51

194 1121 417 1188 ἔγραψεν,
458 1125 494 1171 εὶ
539 1123 595 1170 ⁰5
642 1119 873 1173 Θεόδοτος
917 1120 1104 1184 ἀπέγνω
1154 1122 1236 1181 τῆς
1281 1119 1420 1182 δίκης,
1466 1118 1582 1168 ὅπου
1628 1125 1760 1172 νῡνι5

192 1202 387 1267 γνόντος
412 1209 495 1253 τοῦ
523 1202 757 1253 Θεοδότου
784 1202 964 1252 ἀπιέναι
994 1202 1114 1263 ἡμᾶς
1141 1205 1202 1253 εἰς
1237 1200 1290 1250 τὸ
1324 1200 1625 1265 δικαστήριον
1657 1203 1716 1251 οὔ

192 1285 209 1312 ‘¹
229 1289 351 1352 φησι
388 1284 474 1348 τὴν
510 1286 641 1349 δίκην
678 1283 790 1334 εἶναι
827 1283 1145 1349 εἰσαγώγιμον
1180 1287 1290 1349 παρ’
1324 1285 1441 1347 ὑμῖν,
1477 1283 1594 1349 πρὸς
1633 1284 1712 1338 οὓς

191 1371 360 1421 ἐκεῖνος
385 1368 504 1433 ἔγνω
530 1369 726 1419 ἀπιέναι.
782 1367 977 1429 πάθοιμι
1008 1365 1181 1430 μέντᾶν
1207 1366 1291 1417 θτά
1317 1366 1572 1427 δεινότατα,
1599 1371 1636 1417 εὶ
1669 1371 1710 1417 οὶ

192 1450 276 1513 μὲν
302 1450 434 1514 νόμοι
459 1455 552 1500 τῶν
579 1449 813 1513 Ἀθήνησι
847 1449 1161 1513 συμβολαίων
1195 1448 1440 1499 κελεύουσι
1471 1449 1556 1503 τὰς
1582 1450 1711 1502 δίκας
1726 1476 1763 1496 20

193 1532 306 1584 εἶναι
344 1533 462 1599 πρὸς
497 1532 603 1587 τοὺς
637 1532 938 1596 θεσμοθέτας,
965 1533 1090 1594 ὑμεῖς
1123 1533 1160 1582 δ’
1188 1533 1469 1596 ἀπογνοίητε
1494 1531 1602 1595 (τῆς
1636 1534 1705 1583 δί-

194 1639 277 1680 κης
303 1615 597 1679 ὀμωμοκότες
625 1614 742 1665 κατὰ
769 1614 875 1667 τοὺς
900 1613 1069 1677 νόμους
1094 1618 1396 1683 ψηφιεῖσθαι.

268 1703 368 1749 Τοῦ
410 1698 495 1762 μὲν
533 1699 614 1748 οὖν
651 1701 862 1748 δανεῖσαι
900 1697 1019 1760 ἡμᾶς
1058 1696 1117 1747 τὰ
1155 1696 1374 1763 χρήματα
1413 1697 1464 1746 αἵ
1499 1720 1548 1746 τε
1587 1720 1705 1748 συν-

193 1785 330 1844 θῆκαι
365 1784 439 1831 καὶ
477 1780 614 1834 αὐτὸς
648 1781 781 1834 οὗτός
816 1782 919 1830 ἐστι
957 1780 1148 1846 μάρτυς·
1189 1786 1272 1831 τοῦ
1303 1784 1343 1830 δ’
1372 1781 1710 1831 ἀποδεδωκέναι

193 1866 338 1918 οὐδείς
364 1868 466 1916 ἐστι
498 1865 674 1931 μάρτυς
707 1865 797 1933 ἔξω
823 1871 905 1915 τοῦ
935 1864 1182 1927 Λάμπιδος
1213 1869 1295 1914 τοῦ
1329 1867 1704 1916 συναδικοῦντος.
1724 1889 1759 1917 25

194 1948 268 1996 καὶ
295 1946 459 2000 ἕοῦτος
494 1946 578 2009 μὲν
610 1951 672 2000 εἷς
707 1949 878 1998 ἐκεῖνον
911 1946 1054 2010 μόνον
1080 1946 1300 2014 ἀναφέρει
1325 1944 1410 2009 τὴν
1436 1944 1709 2006 1Ὶάπόδοσιν,

193 2028 286 2094 ἐγώ
325 2031 361 2079 δ’
403 2030 465 2082 ε’ίς
507 2053 556 2080 τε
600 2029 682 2080 τὸν
723 2029 916 2093 Λάμπιν
961 2029 1102 2079 αὐτὸν
1147 2033 1222 2079 καὶ
1265 2028 1371 2081 τοὺς
1416 2028 1711 2080 ἀκούσαντας

125 2139 179 2181 52
195 2113 336 2162 αὑτοῦ
375 2112 445 2162 ὅτι
484 2114 566 2162 οὐκ
605 2113 696 2179 ἔφη
735 2113 1045 2178 ἀπειληφέναι
1083 2111 1137 2161 τὸ
1173 2112 1385 2176 χρυσίον.
1443 2110 1591 2178 τούτῳ
1626 2110 1711 2173 μὲν

194 2195 275 2244 οὖν
300 2193 405 2247 τοὺς
431 2195 582 2257 Ῑέμοῦς
616 2194 854 2260 μάρτυρας
890 2194 1047 2262 ἔξεστι
1079 2195 1261 2258 κρίνειν,
1288 2198 1324 2243 εἰ
1350 2192 1415 2256 μή
1443 2197 1567 2260 φησι
1593 2192 1705 2243 ι(τάν

192 2280 316 2340 ληθῆ
355 2283 605 2342 μαρτυρεῖν
643 2277 824 2330 αὐτούς’
874 2277 965 2342 ἐγώ
1005 2281 1045 2326 δ’
1086 2277 1168 2326 οὐκ
1212 2277 1303 2342 ε”χω
1345 2279 1392 2326 τί
1434 2275 1800 2341 ιχρήσωμαιοπι

193 2364 288 2412 τοῖς
320 2360 485 2409 τούτου
521 2359 768 2425 μάρτυσιν,
796 2360 842 2409 οἵ
873 2364 1025 2426 φασιν
1058 2359 1219 2408 εἰδέναι
1256 2357 1338 2407 τὸν
1367 2357 1560 2420 Λάμπιν
1591 2382 1710 2423 μαρ-

194 2448 422 2507 τυροῦντα
448 2443 756 2509 ἀπειληφέναι
782 2441 835 2491 τὸ
862 2442 1076 2507 χρυσίον.
1129 2445 1164 2490 εἷ
1196 2439 1281 2501 μὲν
1307 2440 1400 2505 γὰρ
1426 2441 1453 2503 ἡ
1479 2443 1709 2506 μαρτυρία

195 2525 221 2586 ἡ
257 2530 339 2574 τοῦ
376 2524 622 2586 Λάμπιδος
656 2523 1018 2584 ῐῃκατεβάλλετο
1051 2524 1243 2583 ἐνταῦθ’,
1279 2522 1392 2575 ἴσως
1428 2521 1486 2572 ἀν
1520 2523 1737 2591 ε”φασαν5

252 2654 265 2678 t
290 2655 452 2701 ὑμετέρῳ]
482 2655 630 2702 ἡμετέρῳ
651 2656 686 2689 S.
852 2661 871 2679 ¹¹
891 2654 968 2700 παρ’
991 2655 1066 2698 ὑμῖν
1086 2656 1244 2701 τούτους]
1269 2655 1406 2690 τούτους
1425 2655 1502 2701 παρ’
1523 2656 1599 2699 ὑμῖν
1620 2656 1705 2694 RQ.

196 2713 214 2731 x
236 2708 322 2753 νυνὶ]
349 2710 406 2740 νῦν
428 2707 549 2746 F..·.Q1
624 2714 642 2740 y
662 2707 874 2752 τούναντίον]
899 2707 1055 2741 τάναντία
1075 2709 1146 2742 As.
1230 2714 1248 2732 Ζ
1269 2711 1315 2754 τῷ
1333 2720 1404 2742 om.
1426 2709 1498 2742 A.1·.
1575 2713 1593 2732 a
1612 2708 1706 2752 ἄνευ]

194 2758 234 2793 ἂν
255 2760 290 2792 S.
363 2756 382 2783 b
403 2760 463 2802 τὴν
482 2760 574 2802 δίκην
594 2756 675 2792 εἶναι
697 2761 732 2793 S.
762 2757 844 2793 εἶναι
865 2760 924 2803 τὴν
944 2761 1036 2803 δίκην
1057 2761 1173 2806 vulgo.
1249 2766 1264 2785 C
1284 2762 1302 2792 ὁ
1324 2773 1391 2794 om.
1409 2762 1481 2794 As.
1558 2758 1575 2784 d
1597 2761 1703 2804 φησι]

194 2813 285 2856 φασι
305 2813 377 2845 As.
482 2817 497 2835 e
518 2813 558 2845 τὰ
578 2812 694 2845 addidi
714 2824 756 2846 ex
778 2813 813 2847 S.
927 2809 941 2836 f
955 2814 1014 2855 τῆς
1034 2813 1124 2856 δίκης
1144 2825 1213 2847 om.
1234 2825 1260 2846 r.
1372 2818 1392 2845 g
1412 2812 1527 2857 οὗτος]
1549 2813 1648 2846 αὐτὸς
1670 2812 1706 2845 S.

196 2894 215 2921 h
236 2896 418 2941 ἀπόδοσιν]
444 2873 599 2930 Ξπῖδοσιν
620 2897 658 2930 F.
801 2894 807 2921 ἦ
829 2897 945 2942 ἐμοὺς]
971 2898 1051 2940 ἐμοῦ
1071 2899 1144 2931 Am.
1283 2894 1301 2920 k
1322 2897 1467 2940 τάληθῆ]
1492 2896 1598 2939 ἀληθῆ
1622 2896 1707 2934 RQ.

195 2946 204 2972 Ῑ
225 2949 421 2993 χρήσωμαι]
447 2948 619 2994 χρήσομαι
639 2949 802 2987 A.F.Q.r.
906 2955 935 2973 ¹¹¹
957 2949 1203 2994 κατεβάλλετο]
1229 2950 1434 2990 κατεβάλετο
1458 2948 1491 2981 S.

920 3022 985 3049 ΡΖ
