1965 3236
37 150 222 194 —1095‚
243 156 290 183 19.
677 144 819 182 ΠΡΟΣ
851 143 1169 181 ΛΕΩΧΑΡΗΝ.
1569 140 1679 180 1123

164 254 386 317 λεύτηκεν
424 254 578 317 ἅπαις,
618 252 742 304 ὥστε
784 254 992 318 γίγνεται
1037 253 1204 318 ἕρημος
1244 253 1268 302 ὀ
1307 249 1430 304 οἶκος
1474 255 1550 302 καὶ
1592 254 1675 302 ἐπ-

165 337 453 401 ανελήλυθεν
497 339 560 401 “ἡ
607 339 897 403 κληρονομία
945 336 1094 387 πάλιν
1143 340 1205 389 εἱς
1255 335 1363 388 τοὺς
1406 335 1495 402 οέξ
1535 337 1681 402 ἀρχῆς

165 420 399 485 ἐγγύτατα
442 420 604 486 γένους
649 420 798 475 ὄντας.
862 425 962 473 πῶς
1007 418 1063 470 ἂν
1102 420 1183 470 οὖν
1226 418 1390 483 ε’ίησαν
1436 418 1555 468 κατὰ
1598 417 1682 481 τὴν

166 505 535 570 Ρδιαμαρτυριάν
577 508 718 558 quie&
763 504 828 555 ἔτι
873 504 991 557 τινὲς
1036 507 1103 572 τῷ
1146 501 1392 569 Ἀρχιάδῃ,
1433 499 1470 570 ᾧ
1514 505 1556 552 οἱ
1600 500 1684 564 μὲν
1698 524 1736 554 ²5

168 588 534 652 ιἐἰσποιηθέντες
559 590 902 653 ὁμολογοῦνται
927 586 1336 649 ἐπανεληλυθέναι,
1364 587 1388 636 ὁ
1415 586 1452 635 δ’
1481 587 1682 650 ἐγκατα-

102 673 376 738 6ιλειφθεὶς
414 676 676 724 τελευταῖος
715 671 854 723 ἄπαις
892 669 1250 732 τετελεύτηκεν;
1303 669 1468 719 οὐκοῦν
1507 667 1688 732 ἀνάγκη

166 753 249 804 τὸν
284 753 410 804 οἶκον
441 755 636 820 Ξέρημον
670 753 796 805 εἶναι.
852 752 991 805 ὁπότε
1020 752 1067 804 δὲ
1093 751 1287 818 ῑεῖοημός
1311 753 1472 802 “ε’στιν
1500 752 1524 801 ὁ
1552 749 1687 811 οἶκος,

169 838 251 888 οὐκ
290 837 347 888 ἂν
385 838 549 902 εἰἠσαν
590 841 696 891 υἱεῖς
734 837 837 888 Χἔτι
874 838 1030 905 ἐκείνῳ
1068 835 1270 901 γνήσιοι.
1333 835 1495 885 οὑτοσὶ
1533 835 1689 884 τοίνυν
1708 850 1813 894 1095

169 921 568 987 διαμεμαρτύρηκε
613 921 720 975 τοὺς
765 923 848 971 οὐκ
892 921 1030 973 ὄντας
1075 918 1202 981 εἶναι,
1243 920 1318 969 καὶ
1361 917 1599 984 γέγραφεν
1642 919 1690 968 ἐν

169 1009 227 1071 τῇ
263 1006 570 1074 διαμαρτυρίᾳ
606 1005 798 1055 είὄντων
832 1005 1057 1065 παίδων,”
1092 1003 1172 1053 ἕνα
1207 1001 1410 1070 φάσκων
1444 1001 1586 1052 αὑτὸν
1620 1000 1686 1051 εἷ-

104 1100 158 1137 62
173 1111 260 1139 ναι.
319 1087 453 1138 ἀλλὰ
490 1087 582 1152 μὴν
620 1089 831 1153 γνησίων
867 1088 911 1152 γ’
949 1087 1062 1138 ὅταν
1101 1087 1218 1154 λέγῃ
1252 1087 1327 1136 καὶ
1366 1085 1531 1150 κυρίως
1570 1084 1690 1135 κατὰ

173 1171 253 1222 τὸν
298 1171 492 1236 θεσμὸν,
536 1173 878 1238 παρακρούεται
928 1170 1057 1237 παρὰ
1101 1169 1207 1223 τοὺς
1258 1168 1441 1233 νόμους.
1506 1167 1560 1219 τὸ
1606 1167 1721 1231 μὲν5

173 1255 264 1322 γὰρ
297 1255 496 1321 γνήσιόν
534 1257 678 1319 ἐστιν,
715 1255 828 1306 ὅταν
862 1254 891 1323 ᾗ
925 1254 1050 1323 γόνῳ
1085 1253 1334 1319 Υγεγονώς·
1375 1255 1449 1303 καὶ
1490 1254 1514 1303 ὁ
1551 1250 1691 1314 νόμος

173 1345 321 1389 ταῦτα
355 1343 582 1404 μαρτυρεῖ
614 1338 784 1403 λέγων,
816 1337 872 1401 ἣν
908 1337 965 1388 ἂν
999 1336 1212 1404 ἐγγυήσῃ
1243 1335 1398 1402 πατὴρ
1428 1334 1457 1399 ἢ
1485 1334 1693 1404 ἀδελφὸς

109 1421 203 1487 635}
238 1423 445 1485 πάππος,
479 1424 528 1473 ἐκ
563 1424 734 1486 ταύτης
772 1420 886 1473 εἶναι
922 1424 1092 1474 παῖδας
1129 1421 1369 1485 γνησίους.
1430 1417 1484 1469 τὸ
1520 1418 1568 1469 δὲ
1606 1442 1687 1470 κυ-

174 1507 284 1572 ρίως
319 1505 438 1556 κατὰ
473 1511 566 1557 τῶν
601 1505 870 1570 Ζποιήσεων
905 1505 929 1555 ὁ
966 1505 1217 1568 νομοθέτης
1252 1504 1438 1566 ἔλαβεν,
1471 1504 1689 1567 ὑπολαμ-

1371 1586 1390 1613 b

176 1589 335 1649 βάνων
371 1593 479 1652 δεῖν,
511 1589 659 1640 ἃὸταν
694 1613 762 1644 τις
800 1589 863 1640 ὧν
899 1591 1039 1642 ἄπαις
1074 1591 1149 1639 καὶ
1188 1588 1341 1654 κύριος
1403 1592 1496 1637 τῶν
1531 1588 1750 1638 ἑαυτοῦιο

175 1673 432 1736 ποιήσηται
459 1673 569 1735 υἱὸν,
596 1679 745 1724 ταῦτα
772 1673 907 1738 κύρια
934 1670 1062 1724 εἶναι.
1115 1671 1248 1724 οὗτος
1279 1671 1434 1721 τοίνυν
1460 1669 1586 1739 γόνῳ
1613 1669 1697 1732 μὲν

178 1758 366 1807 ςοὺδένα
401 1760 552 1823 φησὶν
583 1756 814 1824 Ἀρχιάδῃ
846 1755 1099 1821 ἀγενέσθαι
1135 1755 1245 1818 υἱὸν,
1274 1754 1698 1820 διαμεμαρτύρηται

180 1840 228 1891 δὲ
255 1842 465 1905 γνησίων
492 1839 652 1902 ὄντων,
680 1842 918 1891 θέναντίαν
949 1844 1015 1909 τῷ
1048 1839 1290 1906 πράγματι
1325 1838 1410 1902 τὴν
1437 1841 1694 1903 διαμαρτυ-

113 1933 167 1981 64
180 1925 284 1989 ρίαν
327 1924 660 1987 ποιησάμενος.
719 1924 912 1988 ποιητὸς
953 1924 991 1974 δ’
1033 1924 1284 1987 ὁμολογῶν
1327 1920 1439 1972 εἶναι
1486 1922 1699 1989 φαίνεται

181 2009 262 2058 οὐκ
297 2011 576 2071 εἰσποιηθεὶς
612 2007 701 2058 ὑπὸ
732 2013 815 2058 τοῦ
849 2005 1228 2070 τετελευτηκότος
1262 2006 1416 2067 αὑτοῦ,
1444 2003 1568 2055 ὥστε
1599 2009 1750 2058 πῶςῐε

641 2091 701 2106 Α)
885 2090 904 2107 Ἰ
1065 2089 1078 2105 Χ

181 2092 246 2141 ε”τι
285 2114 365 2140 σοι
403 2090 538 2156 κύρια
574 2113 690 2141 ταυτ
741 2089 824 2141 Ῡᾶν
862 2113 929 2153 ειη
965 2112 1084 2140 κατα
1119 2089 1201 2139 τὸν
1236 2087 1485 2152 ἕθεσμόν;
1535 2088 1605 2139 ὅτι
1644 2088 1699 2152 νὴ

182 2176 255 2224 Δι’
285 2174 601 2239 ἐγγέγραπται
632 2172 863 2240 Ἀρχιάδῃ
899 2171 1007 2225 υἱός.
1063 2171 1151 2222 ὑπό
1187 2194 1240 2236 γε
1277 2170 1296 2197 ¹²

1311 2174 1504 2222 τουτωνὶ
1538 2171 1700 2237 πρώην

182 2256 498 2318 βιασαμένων,
541 2255 628 2319 ἤδη
673 2258 756 2318 τῆς
800 2260 883 2305 τοῦ
934 2253 1112 2320 κλήρου
1162 2254 1454 2306 διαδικασίας
1503 2256 1697 2316 ἐνεστη-

1435 2335 1455 2362 k
1465 2340 1701 2386 ποιεῖσθαι

184 2340 326 2392 κυίας·
367 2340 419 2389 οὐ
446 2338 502 2402 δὴ
528 2337 723 2389 ίδίκαιόν
755 2340 885 2388 ἐστιν
919 2339 967 2387 ἐν
1002 2337 1249 2402 τεκμηρίου
1282 2336 1409 2401 μέρει

241 2479 258 2497 ¹¹
281 2473 299 2515 ἡ
320 2475 416 2517 κληρ.
437 2472 556 2518 πάλιν]
581 2472 685 2505 πάλιν
705 2471 723 2515 ἡ
744 2473 840 2516 κληρ.
861 2472 933 2504 A.r.
1038 2475 1055 2494 0
1077 2470 1115 2514 ἐξ
1134 2469 1240 2515 ἀρχῆς
1260 2481 1330 2503 om.
1350 2470 1421 2503 A.r.
1522 2475 1540 2503 P
1560 2470 1701 2514 διαμαρ-

186 2526 319 2571 τυρίαν]
345 2523 530 2569 μαρτυρίαν
552 2524 680 2563 F.S.Q.
806 2531 823 2558 (Ι
848 2524 928 2558 υἱεῖς
947 2523 1014 2568 ἔτι]
1041 2524 1089 2556 ἔτι
1110 2523 1189 2557 υἱεῖς
1209 2523 1282 2556 Α.1“.
1398 2529 1411 2548 Γ
1431 2521 1698 2567 εἶσποιηθέντες]

187 2578 425 2622 εἶσποηθέντες
446 2578 483 2612 S.
555 2583 569 2602 S
589 2577 712 2622 ἔρημον
732 2574 831 2623 εἶναι]
857 2576 1066 2621 ἐρημωθῆναι
1087 2575 1176 2614 RQ.
1247 2574 1262 2600 t
1280 2576 1400 2620 ἔρημός
1420 2580 1501 2620 post
1520 2572 1610 2610 οἶκος
1626 2576 1700 2609 A.r.

186 2637 207 2656 ¹1
228 2632 322 2665 ἐστιν
342 2643 412 2664 om.
436 2630 523 2668 RQ.
607 2636 627 2654 X
646 2632 696 2664 ἔτι
714 2630 844 2676 ἐκείνῳ]
870 2629 982 2675 ἐκείνῳ
1001 2630 1051 2662 ἔτι
1069 2630 1142 2663 A.r.
1226 2634 1245 2662 Υ
1263 2627 1429 2673 γεγονώς]
1452 2630 1594 2673 γεγονός
1615 2628 1701 2666 S.Q.

187 2690 204 2708 Ζ
224 2683 413 2728 ποιήσεων]
437 2683 594 2726 ποήσεων
617 2683 651 2717 S.
781 2688 800 2707 3·
819 2683 917 2728 ὅταν]
943 2682 983 2715 ἅν
1002 2682 1078 2717 A.r.
1204 2678 1223 2706 b
1243 2680 1566 2726 τῶν-ποιήσηται]
1590 2682 1703 2714 τὸν-

186 2736 313 2780 ποιήσῃ
334 2737 406 2770 A.1·.
481 2741 497 2760 0
516 2736 636 2769 οὐδένα
655 2741 736 2781 post
753 2734 916 2780 Ἀρχιάδῃ
937 2736 1011 2769 A.r.
1087 2731 1105 2759 d
1125 2734 1302 2780 γενέσθαι]
1325 2731 1408 2767 εἶναι
1427 2734 1499 2767 A.r.
1575 2739 1591 2758 e
1611 2734 1703 2767 ἐναν-

187 2788 277 2833 τίαν]
301 2789 432 2822 ἐναντία
451 2789 525 2822 A.r.
600 2785 615 2813 f
631 2786 671 2822 ἂν
691 2800 759 2822 om.
779 2788 814 2822 S.
837 2788 897 2833 qui
916 2790 1034 2822 ταῦτα.
1109 2793 1130 2820 g
1150 2786 1295 2831 θεσμόν]
1321 2787 1423 2829 νόμον
1441 2787 1514 2820 A.r.
1585 2783 1605 2810 h
1624 2799 1702 2819 του-

188 2842 285 2887 τωνὶ]
311 2840 439 2874 τούτων
458 2843 534 2876 A.r.
662 2838 672 2865 i
692 2841 819 2874 δίκαιόν
838 2841 933 2875 ἐστιν
953 2840 988 2875 ἐν
1006 2840 1184 2885 τεκμηρίου
1204 2839 1313 2884 μέρει]
1338 2837 1466 2872 δίκαιον
1485 2838 1520 2872 ἐν
1538 2837 1704 2885 τεκμηρίῳ

189 2897 263 2929 A.r.
295 2895 420 2928 δίκαιον
439 2895 572 2928 ἔνεστιν
591 2894 756 2940 τεκμηρίῳ
774 2894 808 2928 S.
825 2898 860 2929 et
878 2907 933 2939 γρ.
950 2893 997 2932 Q.
1069 2890 1089 2918 k
1110 2891 1298 2937 ποιεῖσθαι]
1321 2891 1493 2926 ποιεῖσθαι
1515 2890 1590 2924 ἐστὶ
1609 2892 1682 2925 A.r.
