1965 3236
52 187 135 227 —9
149 186 207 229 15,
225 195 275 217 12.
691 184 834 221 ΠΡΟΣ
866 184 1172 220 ΦΟΡΜΙΩΝΑ.
1604 181 1689 224 947

627 295 641 311 X

174 286 211 338 ὦ
237 289 399 356 ἄνδρες
425 295 656 354 δικασται,
683 292 845 346 ὒοῦτος
873 294 897 342 ὁ
923 293 1168 358 ἄνθρωπος
1203 292 1232 356 ἢ
1263 291 1514 357 γενήσεταί
1535 299 1687 353 13ποτε,

176 371 226 425 ὃς
247 376 347 424 ἀντὶ
369 376 617 442 δισχιλίων
643 375 661 401 ¹¹
679 378 753 426 καὶ
773 376 1035 444 ἑξακοσίων
1060 379 1283 442 δραχμῶν
1303 374 1552 441 τριάκοντα
1569 379 1687 438 μνᾶς
1702 398 1742 418 20

175 459 249 506 καὶ
279 459 549 523 τριακοσίας
575 466 591 485 ⁶
610 462 684 509 καὶ
723 458 950 527 ἑξήκοντα
986 460 1220 509 ἀποτίνειν
1253 459 1483 524 προείλετ’
1513 456 1584 519 ἂν,
1611 459 1688 508 καὶ

173 539 312 590 τόκον
351 543 662 595 πεντακοσίας
705 542 918 609 δραχμὰς
956 544 1032 592 καὶ
1072 541 1300 610 ἑξήκοντα
1344 540 1687 603 δανεισάμενος,

172 622 227 676 ἅς
272 623 450 692 ἕφησιν
495 626 834 676 ἀποδεδωκέναι
885 625 1107 690 Φορμίων
1148 624 1372 687 Λάμπιδι,
1417 625 1687 691 τρισχιλίας

171 708 445 761 ἐννακοσίας
483 708 692 770 εἴκοσιν,
737 708 844 776 ἐξὸν
884 710 920 758 δ’
949 710 1075 777 αὐτῷ
1110 707 1507 775 ἀμφοτερόπλουν
1532 707 1748 771 Ἀθή-ἳεῑν

173 813 311 853 νησιν
357 793 611 842 ἀποδοῦναι
658 792 711 842 τὸ
763 792 997 857 ἀργύριον,
1049 794 1097 842 ἐν
1149 791 1387 860 Βοσπόρῳ
1438 791 1686 854 ἕάπέδωκε,

105 897 160 938 30
172 876 299 939 τρισὶ
333 877 408 924 καὶ
435 877 544 925 δέκα
573 876 589 902 ¹¹
598 881 732 938 μναῖς
766 875 914 926 πλεόν
936 898 948 937 ;
993 878 1068 925 καὶ
1094 880 1190 929 τοῖς
1215 875 1298 938 μὲν
1324 874 1383 925 τὰ
1409 874 1687 940 ἰἑτερόπλοα

1336 957 1345 984 ¹
1356 957 1687 1008 συνέπλευσάν

172 959 419 1007 δανείσασι
453 957 628 1020 ιςμόλις
667 961 868 1025 τάρχαῖα
905 958 1216 1020 ἀποδέδωκας,
1257 958 1298 1008 οἳ

170 1063 250 1090 σοι
277 1044 353 1091 καὶ
378 1043 717 1108 προσήδρευον·
758 1041 908 1110 τούτῳ
935 1042 983 1091 δὲ
1011 1046 1076 1109 τῷ
1106 1041 1170 1104 μὴ
1197 1040 1393 1107 παρόντι
1421 1041 1474 1090 οὐ
1501 1048 1530 1066 ¹¹¹
1541 1039 1685 1103 μόνον

169 1126 369 1190 τάρχαῖα
410 1128 485 1175 καὶ
528 1124 634 1178 τοὺς
683 1124 847 1178 τόκους
889 1126 1144 1186 ἀπεδίδους,
1191 1123 1322 1173 ἀλλὰ
1364 1125 1438 1173 καὶ
1479 1122 1538 1173 τὰ
1580 1125 1678 1172 ἐπι·
1698 1137 1778 1179 915

170 1209 298 1269 τίμια
325 1207 382 1258 τὰ
409 1210 458 1258 ἐκ
494 1211 575 1271 τῆς
603 1211 889 1275 συγγραφῆς
921 1208 1170 1269 Πάπέτινες,
1196 1208 1408 1270 οὐδεμιᾶς
1435 1228 1514 1255 σοι
1542 1204 1686 1270 ἀνάγ-

102 1312 253 1354 31κης
292 1293 475 1354 οὕσηςς
535 1292 770 1344 κάκείνους
808 1290 894 1354 μὲν
931 1292 1013 1340 οὐκ
1054 1291 1245 1351 ἐδεδίεις,
1287 1289 1353 1342 οἷς
1389 1293 1435 1339 αὶ
1470 1311 1685 1354 συγγρα-

170 1377 256 1442 φαὶ
282 1377 330 1424 ἐν
358 1374 595 1444 Βοσπόρῳ
634 1375 719 1438 τὴν
753 1375 928 1443 πρᾶξιν
954 1376 1171 1425 ἐδίδοσαν
1196 1382 1214 1399 ⁰
1231 1379 1313 1424 τοῦ
1339 1374 1534 1424 δανείου·
1578 1372 1684 1423 τού-

168 1480 250 1508 του
287 1458 335 1508 δὲ
371 1458 464 1526 φῂς
504 1460 776 1527 φροντίζειν,
814 1458 867 1508 ’ὸν
906 1459 961 1526 ἐξ
996 1461 1181 1525 Ράρχῆς
1220 1457 1351 1510 εὐθὺς
1392 1457 1558 1521 ἠδίκεις
1600 1457 1713 1509 οὐκ5

167 1541 405 1605 ἐνθέμενος
455 1542 513 1592 τὰ
554 1542 753 1609 χρήματ’
795 1547 856 1595 εἷς
897 1541 982 1605 τὴν
1021 1548 1134 1592 ναῦν
1174 1540 1293 1591 κατὰ
1333 1539 1418 1603 τὴν
1459 1563 1676 1605 συγγρα-

169 1625 265 1693 φὴν
290 1627 550 1690 Ἀθήνηθεν
573 1648 584 1687 ;
629 1629 703 1676 καὶ
730 1633 811 1676 νῦν
837 1626 921 1688 μὲν
951 1630 1011 1679 εἷς
1047 1624 1101 1675 τὸ
1128 1623 1348 1689 ἐμπόριον
1375 1624 1512 1686 ἥκων,
1539 1623 1593 1672 οὗ
1627 1622 1681 1673 τὸ

166 1708 467 1771 συμβόλαιον
487 1709 681 1773 ἐγένετο,
704 1710 785 1758 οὐκ
811 1710 957 1761 ὀκνεῖς
983 1710 1262 1773 ἀποστερεῖν
1282 1706 1363 1757 τὸν
1384 1706 1678 1756 δανείσαντα·

168 1794 215 1841 ἐν
243 1792 481 1860 Βοσπόρῳ
509 1791 556 1842 δὲ
582 1801 601 1826 ‘¹
617 1793 766 1842 πλείω
805 1796 898 1842 τῶν
929 1792 1116 1841 δικαίων
1151 1789 1245 1857 φῂς
1283 1794 1442 1852 ποιεῖν,
1468 1789 1522 1839 οὗ
1550 1790 1680 1853 δίκην

99 1895 153 1935 32
169 1877 251 1926 οὐκ
277 1876 472 1939 ἔμελλες
499 1876 668 1926 δώσειν
691 1898 702 1938 ;
747 1878 822 1926 καὶ
849 1879 889 1925 οἱ
919 1874 1003 1937 μὲν
1029 1874 1173 1924 ἄλλοι
1205 1871 1376 1925 πάντες
1410 1876 1451 1922 οἱ
1477 1871 1536 1922 τὰ
1561 1874 1673 1935 Γάμ-
1698 1899 1734 1919 ιο

166 1959 471 2026 φοτερόπλοα
497 1958 816 2024 δανειζόμενοι,
843 1958 955 2009 ὅταν
981 1958 1375 2008 ἀποστέλλωνται
1401 1958 1449 2006 ἐκ
1475 1961 1569 2006 τῶν
1594 1957 1675 2018 ἐμ-

164 2043 354 2108 πορίων,
373 2042 585 2095 πολλοὺς
605 2042 934 2107 παρίστανται,
955 2039 1369 2106 ἐπιμαρτυρόμενοι
1391 2039 1462 2089 ὅτι
1487 2039 1545 2089 τὰ
1565 2041 1681 2106 χρή-

166 2207 242 2226 mus.
292 2193 372 2231 Qua
401 2192 513 2227 forma
544 2204 614 2226 non
642 2192 752 2226 utitur
776 2191 1046 2225 Demosthenes.
1090 2191 1275 2234 ξυμμάχων
1300 2190 1389 2223 male
1416 2190 1493 2223 libri
1520 2191 1680 2224 nonnulli

166 2257 200 2290 p.
226 2244 314 2291 369,
341 2255 400 2290 27.
524 2242 542 2269 b
563 2245 658 2280 οὗτος
681 2245 716 2289 ὁ]
739 2247 891 2278 τοιοῦτος
913 2246 984 2278 Am.
1106 2248 1122 2267 0
1141 2242 1240 2287 ποτε]
1265 2243 1370 2280 Quod
1392 2243 1554 2275 Reiskius
1574 2255 1615 2276 ex
1637 2244 1678 2277 A.

166 2299 266 2331 affert
287 2299 435 2338 πώποτε,
457 2298 493 2330 id
511 2310 625 2342 neque
646 2298 681 2331 in
701 2298 768 2331 hoe
788 2298 906 2330 codice
931 2308 1045 2341 neque
1065 2296 1101 2328 in
1123 2296 1164 2329 B.
1187 2295 1327 2340 legitur,
1346 2296 1407 2328 sed
1427 2301 1605 2339 sumptum
1626 2301 1679 2329 est

167 2363 207 2384 ex
230 2363 338 2394 marg.
360 2351 413 2384 ed.
437 2351 544 2384 Paris.
565 2363 596 2383 a.
625 2360 735 2396 1570.
786 2350 826 2383 111
858 2350 892 2383 S.
923 2364 967 2382 πο
998 2349 1166 2393 scriptum
1195 2348 1230 2380 in
1259 2348 1328 2381 fine
1356 2360 1487 2387 versus,
1518 2348 1678 2392 proximo

166 2417 278 2444 versu,
299 2404 407 2437 literis
429 2404 563 2436 duabus
584 2404 673 2437 mah.¹
694 2403 861 2448 vepetitis,
882 2415 902 2435 a
921 2416 1004 2435 ποτε
1024 2401 1222 2445 incipiente.
1272 2400 1479 2444 Cujusmodi
1499 2412 1540 2433 ex
1561 2412 1677 2435 errore

166 2464 281 2490 ortum
302 2457 388 2489 illud
407 2458 543 2490 πώποτε
564 2462 627 2490 est.
726 2453 744 2479 d
764 2457 817 2489 καὶ
832 2455 949 2488 addidi
969 2467 1010 2488 ex
1031 2456 1104 2487 A.1·.
1136 2452 1239 2486 Conf.
1260 2465 1294 2498 p.
1316 2464 1406 2499 919,
1438 2464 1449 2486 1
1463 2463 1496 2486 2.
1589 2458 1604 2477 e
1625 2455 1677 2487 καὶ

166 2509 325 2553 ἑξήκοντα
345 2510 380 2542 in
399 2524 454 2554 γρ.
477 2510 514 2542 F.
629 2506 642 2534 Γ
658 2508 784 2554 φησιν]
803 2510 914 2553 φασιν
933 2509 973 2542 A.
1085 2512 1105 2539 g
1124 2504 1273 2539 ἀπέδωκε
1295 2506 1329 2539 S.
1374 2506 1573 2550 Legebatur
1592 2505 1675 2539 ἀπο-

165 2578 298 2611 δέδωκε.
329 2577 573 2610 ἀποδεδωκέναι
594 2578 667 2611 As.
791 2573 808 2602 ¹¹
830 2576 944 2621 μναῖς]
969 2569 1052 2618 μναις
1073 2576 1108 2610 S.
1136 2590 1147 2608 ι
1167 2576 1209 2609 ab
1230 2576 1351 2609 eadem
1372 2587 1417 2609 m.
1534 2572 1543 2599 i
1564 2576 1678 2620 ἑτερό-

165 2632 276 2677 πλοα]
301 2631 502 2675 ἑτερόπλοια
523 2630 558 2663 S.
671 2626 692 2655 k
713 2631 812 2672 μόλις
831 2628 993 2674 τάρχαῖα]
1017 2630 1118 2671 μόλις
1136 2628 1299 2673 τάρχαῖον
1320 2628 1364 2666 Q.
1397 2626 1537 2672 μάλιστ’
1556 2627 1679 2672 ἀρχαῖα

166 2684 241 2717 Α.1·.
371 2680 381 2706 l
402 2682 655 2727 συνέπλευσάν]
681 2682 871 2715 συνέπλεον
891 2682 931 2714 Α.
1056 2687 1086 2705 m
1105 2682 1208 2723 μόνον
1227 2680 1387 2725 τάρχαῖα]
1411 2683 1514 2724 μόνον
1534 2681 1575 2713 τὰ
1593 2679 1677 2724 χρή-

166 2750 254 2779 ματα
274 2736 348 2768 As.
435 2738 450 2753 ¹¹
471 2734 641 2780 ἀπέτινες]
665 2734 834 2768 ἀπέτεινες
856 2746 907 2778 pr.
932 2734 965 2765 S.
1056 2739 1073 2757 0
1093 2736 1154 2766 τοῦ
1174 2732 1305 2766 δανείου
1325 2745 1394 2767 om.
1416 2734 1485 2766 As.
1580 2739 1597 2767 1¹
1617 2732 1675 2775 ἀρ·

166 2787 245 2832 χῆς]
272 2787 473 2820 Addebatur
493 2786 535 2820 ὥς
556 2788 678 2831 φασιν,
699 2788 793 2832 quod
813 2798 883 2819 om.
907 2787 980 2819 Α.1·.
1023 2785 1064 2820 ὥς
1084 2788 1195 2830 φησιν
1215 2791 1267 2819 est
1287 2786 1322 2818 in
1345 2787 1379 2819 S.
1527 2792 1544 2818 (ι
1571 2783 1676 2816 πλείω

167 2843 233 2875 τῶν
253 2838 404 2883 δικαίων]
430 2842 496 2872 τῶν
516 2840 650 2872 δικαίων
669 2840 775 2872 πλείω
794 2840 867 2872 As.
979 2843 993 2861 Γ
1019 2838 1302 2883 ἀμφοτερόπλοα]
1328 2837 1514 2882 ἑτερόπλοα
1535 2836 1570 2870 S.
1606 2837 1677 2868 ἑτε-

162 2893 311 2945 Ἰρόπλοια
334 2891 422 2930 RQ.
