1965 3236
28 184 255 239 ——819‚17.
662 190 803 227 ΚΑΤΑ
836 190 1058 226 ΑΦΟΒΟΎ
1089 191 1137 227 Α.
1575 189 1658 226 853

152 300 193 350 οἳ
218 303 454 365 παρῆσαν,
480 299 610 366 παρά
642 323 691 350 τε
729 305 811 350 τοῦ
838 303 1165 366 Δημοφῶντος
1204 300 1279 348 καὶ
1304 303 1386 348 τοῦ
1413 300 1656 363 Θηριππί-

153 386 234 434 δου
258 388 352 433 τῶν
379 382 684 448 ἀνδραπόδων
714 387 776 435 εἷς
813 381 898 445 τὴν
922 386 1092 447 προῖκα
1129 380 1230 434 ἰτὰς
1268 380 1403 444 τιμὰς
1442 380 1661 448 εἰληφὼς,

153 466 289 520 αὐτός
328 468 366 516 θ’
396 465 559 517 ἑαυτὸν
595 467 714 533 ἔχειν
748 465 834 529 τὴν
869 470 1040 531 προῖκα
1074 465 1364 533 ἀπογράψας
1401 464 1518 531 πρὸς
1557 463 1715 518 τοὺςαο

152 553 534 620 συνεπιτρόπους,
576 558 713 605 οἰκῶν
746 577 794 604 τε
827 553 911 617 τὴν
953 554 1099 603 οἰκίαν
1137 552 1290 616 ἐπειδὴ
1329 552 1534 619 τάχιστα
1570 555 1661 603 ἐτε-

152 637 382 699 λεύτησεν
409 639 432 687 ὁ
458 638 628 703 πατὴρ,
650 642 750 690 πῶς
777 638 859 687 οὐκ
886 638 935 686 ἐκ
961 636 1152 687 πάντων
1179 636 1557 701 ὁμολογουμένου
1583 642 1665 686 τοῦ

154 721 430 788 πράγματος
456 720 753 787 εὑρεθήσεται
793 725 1005 789 φανερῶς
1042 720 1126 783 τὴν
1160 724 1342 785 προῖκα,
1368 718 1452 772 τὰς
1490 719 1660 783 ὀγδοή-
1719 766 1727 772 .

156 828 297 856 κοντα
338 810 469 869 μνᾶς,
504 805 837 868 κεκομισμένος
879 807 953 854 καὶ
999 805 1108 853 λίαν
1153 805 1349 856 ἀναιδῶς
1393 802 1457 866 μὴ
1498 807 1666 862 λαβεῖν

157 889 489 956 ἐξαρνούμενος
512 911 523 949 ;
567 888 697 938 ἀλλὰ
723 887 815 951 μὴν
843 890 904 941 ὡς
930 889 1084 950 ἀληθῆ
1122 887 1260 951 λέγω,
1294 885 1413 947 λαβὲ
1439 885 1522 939 τὰς
1547 909 1716 952 μαρ-τ5

156 972 312 1037 τυρίας
338 974 413 1022 καὶ
440 972 686 1036 ἀνάγνωθι.

751 1058 1075 1098 MAPTTPIAI.

94 1154 145 1182 22
233 1129 334 1192 Τὴν
354 1129 437 1192 μὲν
457 1130 611 1179 τοίνυν
634 1134 804 1194 προῖκα
830 1134 995 1179 τοῦτον
1022 1126 1041 1153 k

1050 1126 1132 1177 τὸν
1157 1126 1332 1193 τρόπον
1352 1125 1461 1193 1εἶχε
1484 1125 1663 1187 λαβών.

157 1213 222 1276 μὴ
248 1213 483 1278 γήμαντος
520 1214 557 1263 δ’
586 1214 726 1263 αὐτοῦ
760 1211 844 1275 τὴν
878 1212 1054 1277 μητέρα
1092 1210 1177 1274 τὴν
1207 1209 1320 1274 ἐμὴν
1352 1211 1375 1260 ὁ
1410 1210 1494 1273 μὲν
1530 1208 1668 1272 νόμος

159 1298 331 1347 κελεύει
369 1296 454 1360 τὴν
491 1301 661 1362 προῖκα
696 1297 904 1364 ὀφείλειν
941 1297 1012 1346 ἐπ’
1041 1295 1152 1346 ἐννέ’
1180 1296 1385 1357 ὀβολοῖς,
1411 1293 1501 1359 ε’γώ
1529 1295 1564 1344 δ’
1594 1295 1668 1344 ἐπὶ

159 1384 346 1447 δραχμῇ
391 1379 535 1442 μόνον
573 1381 746 1443 τίθημι.
808 1381 1016 1445 γίγνεται
1062 1383 1117 1440 δ’,
1157 1378 1236 1428 ε’ἀν
1275 1401 1342 1431 τις
1385 1382 1583 1445 συντιθῇ
1613 1377 1763 1442 τό8ι9

160 1465 198 1514 τ’
227 1468 421 1530 ἀρχαῖον
451 1465 527 1514 καὶ
564 1462 617 1513 τὸ
652 1462 964 1529 ΪΠπρόσεργον
998 1467 1091 1513 τῶν
1126 1462 1262 1512 Γιδέκα
1300 1463 1428 1523 ἐτῶν,
1455 1461 1669 1524 μάλιστα

160 1548 266 1614 τρία
307 1546 535 1598 τάλαντα.
594 1549 668 1597 καὶ
707 1553 854 1598 ταῦτα
892 1546 976 1611 μὲν
1018 1547 1163 1599 οὕτως
1206 1548 1348 1609 Οὑμῖν
1391 1546 1670 1606 ἐπιδείκνυμι

162 1630 378 1693 λαβόντα
404 1634 478 1681 καὶ
504 1631 622 1698 ἔχειν
650 1630 1018 1696 ὁμολογήσαντα
1042 1629 1291 1695 μαρτύρων
1318 1630 1523 1679 ἐναντίον
1547 1650 1663 1678 τοσ-
1682 1650 1699 1680 5

100 1732 148 1773 23
166 1713 328 1764 ούτων·
372 1714 527 1766 ἄλλας
561 1715 714 1764 τοίνυν
747 1714 839 1780 ε”χει
877 1713 1126 1779 τριάκοντα
1151 1717 1282 1775 μνᾶς,
1311 1718 1392 1762 τοῦ
1430 1713 1666 1777 ἐργαστη-

163 1798 264 1863 ρίου
290 1796 454 1858 λαβών
479 1796 564 1860 τὴν
589 1795 846 1863 πρόσοδον,
875 1798 977 1847 Ι)καῖ
1005 1794 1388 1863 ἀναισχυντότατ’
1413 1794 1674 1860 ἀνθρώπων

165 1882 441 1946 ἀποστερεῖν
502 1881 851 1947 ἐπικεχείρηκεν.
923 1882 1022 1944 ἐμοὶ
1074 1882 1111 1929 δ’
1166 1881 1190 1930 ὁ
1240 1878 1395 1944 πατὴρ
1455 1878 1674 1929 κατέλιπε

167 1963 418 2030 τριάκοντα
451 1969 569 2027 μνᾶς
607 1966 715 2015 (4ἀπ’
744 1965 897 2014 αὐτῶν
935 1964 1019 2028 τὴν
1054 1963 1310 2030 πρόσοδον·
1352 1962 1676 2025 ι’ἀποδομένων

169 2046 217 2096 δὲ
243 2047 420 2097 τούτων
452 2045 511 2096 τὰ
541 2047 713 2109 ἡμίσεα
750 2051 845 2096 τῶν
881 2045 1185 2112 ἀνδραπόδων
1220 2043 1546 2096 πεντεκαίδεκά
1577 2052 1731 2107 Ξμοιιο

105 2156 159 2195 24
169 2135 286 2194 μνᾶς
311 2129 551 2194 ἵγενέσθαι
591 2129 709 2179 κατὰ
739 2128 915 2194 11λόγον
952 2132 1205 2195 προσῆκεν.
1271 2129 1568 2194 Θηριππίδης
1594 2127 1679 2191 μὲν

170 2214 251 2263 οὖν
277 2212 394 2263 ἑπτὰ
433 2212 510 2275 ἔτη
548 2216 642 2262 τῶν
682 2212 988 2277 ἀνδραπόδων
1031 2213 1322 2275 ἐπιμεληθεὶς
1362 2212 1521 2261 ἕνδεκα
1561 2215 1680 2274 μνᾶς

171 2301 254 2347 τοῦ
292 2298 498 2346 ἐνιαυτοῦ
537 2295 760 2363 ἀπέφηνε,
786 2295 1005 2360 τέτταρσι
1043 2300 1179 2358 μναῖς
1218 2295 1317 2344 καθ’
1348 2294 1547 2344 ἕκαστον
1586 2295 1675 2343 ε’νι-

172 2378 312 2429 αυτὸν
337 2378 534 2429 ε”λαττον
566 2377 594 2443 ἢ
622 2378 738 2428 ὅσον
774 2381 984 2443 προσῆκε
1012 2376 1323 2443 λογιζόμενος.
1380 2376 1511 2429 οὗτος
1538 2374 1586 2426 δὲ
1612 2376 1677 2426 δύ’
1696 2394 1730 2425 15

173 2463 252 2526 ε”τη
278 2461 336 2512 τὰ
362 2466 527 2528 πρῶτα
563 2463 858 2525 ἐπιμεληθεὶς
896 2462 991 2511 οὐδ’
1021 2462 1173 2511 ὁτιοῦν
1200 2461 1540 2521 ἀποδείκνυσιν,
1568 2462 1680 2509 ἀλλ’

176 2546 318 2596 ἐνιότε
355 2546 439 2608 μέν
474 2550 652 2613 Χφησιν
688 2547 895 2611 ἀργῆσαι
934 2545 987 2595 τὸ
1022 2544 1347 2611 ἐργαστήριον,
1373 2546 1515 2595 ἐνίοτε
1554 2547 1594 2594 δ’
1623 2545 1684 2596 ὡς

232 2677 242 2704 ἱ
261 2679 337 2725 τὰς]
358 2680 411 2714 καὶ
429 2681 488 2714 τὰς
509 2680 548 2713 F.
625 2676 644 2702 k
663 2679 723 2712 τὸν
743 2691 812 2713 om.
835 2679 873 2712 F.
955 2676 964 2702 l
985 2675 1054 2723 εἶχε
1076 2678 1110 2712 S.
1142 2678 1341 2723 Legebatur
1360 2680 1443 2722 ἔχει.
1525 2684 1554 2702 ¹¹¹
1574 2679 1683 2723 πρόσ-

179 2747 278 2778 εργον
299 2733 333 2766 S.
375 2733 511 2777 ἐνεργὸν
529 2746 584 2778 γρ.
608 2732 644 2766 S.
694 2732 892 2777 Legebatur
910 2732 1021 2776 ἔργον.
1067 2731 1170 2765 Conf.
1192 2732 1235 2765 ad
1262 2744 1297 2777 p.
1321 2730 1407 2775 824,
1432 2742 1491 2765 21.
1517 2731 1605 2776 825,
1625 2729 1684 2764 26.

180 2790 196 2806 ¹¹
218 2787 296 2819 δέκα
317 2787 387 2819 As.
420 2786 546 2819 δώδεκα
565 2786 682 2830 vulgo.
795 2793 813 2811 0
834 2785 910 2827 ὑμῖν
931 2797 999 2818 om.
1021 2786 1096 2820 A.r.
1208 2790 1227 2817 P
1248 2786 1299 2818 καὶ
1318 2783 1687 2828 ἀναισχ.--πρόσοδον

180 2851 248 2873 om.
269 2851 297 2872 r.
453 2844 472 2871 q
491 2837 545 2872 ἀπ’
566 2838 692 2883 αὐτῶν]
712 2837 868 2871 ἁπάντων
888 2838 927 2871 F.
1084 2843 1098 2861 ¹⁸
1117 2837 1350 2883 ἀποδομένων]
1375 2837 1629 2879 ἀποδεδομένων
1650 2836 1686 2869 S.

181 2898 195 2916 ⁵
216 2906 273 2935 μοι
293 2903 361 2926 om.
384 2903 412 2925 r.
550 2890 564 2916 t
583 2891 742 2937 γενέσθαι
760 2891 875 2926 A.S.r.
907 2891 1105 2937 Legebatur
1123 2890 1313 2936 γίγνεσθαι.
1445 2895 1465 2913 ¹¹
1485 2888 1606 2935 λόγον]
1630 2889 1688 2922 τὸν

180 2946 288 2990 λόγον
307 2947 382 2979 A.r.
493 2950 512 2968 ¹
532 2946 642 2988 φησιν
661 2956 730 2978 om.
752 2957 778 2978 r.
