<?xml version="1.0" encoding="UTF-8"?>
<!DOCTYPE html PUBLIC "-//W3C//DTD XHTML 1.0 Transitional//EN"
    "http://www.w3.org/TR/xhtml1/DTD/xhtml1-transitional.dtd">
<html xmlns="http://www.w3.org/1999/xhtml" xml:lang="en" lang="en">
 <head>
  <title>
</title>
<meta http-equiv="Content-Type" content="text/html;charset=utf-8" />
  <meta name='ocr-system' content='tesseract 3.04.00' />
  <meta name='ocr-capabilities' content='ocr_page ocr_carea ocr_par ocr_line ocrx_word'/>
</head>
<body>
  <div class='ocr_page' id='page_1' title='image "./operaexrecension03demouoft_0032.png"; bbox 0 0 1965 3236; ppageno 0'>
   <div class='ocr_carea' id='block_1_1' title="bbox 290 129 1926 185">
    <p class='ocr_par' dir='ltr' id='par_1_1' title="bbox 290 129 1926 185">
     <span class='ocr_line' id='line_1_1' title="bbox 290 129 1926 185; baseline -0.002 -14"><span class='ocrx_word' id='word_1_1' title='bbox 290 131 373 171; x_wconf 69' lang='lat'>872</span> <span class='ocrx_word' id='word_1_2' title='bbox 833 134 1260 172; x_wconf 66' lang='grc' dir='ltr'>ΔΗΜΟΣΘΕΝΟΤΣ</span> <span class='ocrx_word' id='word_1_3' title='bbox 1321 131 1404 170; x_wconf 88' lang='lat' dir='ltr'>OR.</span> <span class='ocrx_word' id='word_1_4' title='bbox 1422 130 1658 170; x_wconf 78' lang='lat' dir='ltr'>xxvm.</span> <span class='ocrx_word' id='word_1_5' title='bbox 1680 145 1720 185; x_wconf 86' lang='lat' dir='ltr'>p.</span> <span class='ocrx_word' id='word_1_6' title='bbox 1740 129 1833 184; x_wconf 75' lang='lat'>838,</span> <span class='ocrx_word' id='word_1_7' title='bbox 1850 146 1926 168; x_wconf 60' lang='lat'>2-</span> 
     </span>
    </p>
   </div>
   <div class='ocr_carea' id='block_1_2' title="bbox 227 243 1861 1809">
    <p class='ocr_par' dir='ltr' id='par_1_2' title="bbox 289 243 1831 894">
     <span class='ocr_line' id='line_1_2' title="bbox 290 243 1800 310; baseline 0.001 -19"><span class='ocrx_word' id='word_1_8' title='bbox 290 244 470 306; x_wconf 77' lang='grc' dir='ltr'>οὐσίαν,</span> <span class='ocrx_word' id='word_1_9' title='bbox 496 245 564 298; x_wconf 88' lang='grc' dir='ltr'>τίς</span> <span class='ocrx_word' id='word_1_10' title='bbox 600 243 656 308; x_wconf 81' lang='grc' dir='ltr'>ἧν</span> <span class='ocrx_word' id='word_1_11' title='bbox 691 247 766 294; x_wconf 73' lang='grc' dir='ltr'>καὶ</span> <span class='ocrx_word' id='word_1_12' title='bbox 804 250 896 295; x_wconf 91' lang='grc' dir='ltr'>ποῦ</span> <span class='ocrx_word' id='word_1_13' title='bbox 934 244 1165 310; x_wconf 77' lang='grc' dir='ltr'>παρέδοτέ</span> <span class='ocrx_word' id='word_1_14' title='bbox 1194 266 1272 307; x_wconf 90' lang='grc' dir='ltr'>μοι</span> <span class='ocrx_word' id='word_1_15' title='bbox 1310 245 1384 293; x_wconf 76' lang='grc' dir='ltr'>καὶ</span> <span class='ocrx_word' id='word_1_16' title='bbox 1418 244 1541 296; x_wconf 87' lang='grc' dir='ltr'>τίνος</span> <span class='ocrx_word' id='word_1_17' title='bbox 1578 244 1800 293; x_wconf 81' lang='grc' dir='ltr'>ἐναντίον.</span> 
     </span>
     <span class='ocr_line' id='line_1_3' title="bbox 289 325 1804 394; baseline 0.001 -18"><span class='ocrx_word' id='word_1_18' title='bbox 289 326 349 376; x_wconf 81' lang='grc' dir='ltr'>τὰ</span> <span class='ocrx_word' id='word_1_19' title='bbox 380 326 465 390; x_wconf 80' lang='grc' dir='ltr'>μὲν</span> <span class='ocrx_word' id='word_1_20' title='bbox 495 326 588 394; x_wconf 78' lang='grc' dir='ltr'>γὰρ</span> <span class='ocrx_word' id='word_1_21' title='bbox 627 327 708 378; x_wconf 83' lang='grc' dir='ltr'>δύο</span> <span class='ocrx_word' id='word_1_22' title='bbox 747 327 960 378; x_wconf 87' lang='grc' dir='ltr'>τάλαντα</span> <span class='ocrx_word' id='word_1_23' title='bbox 995 330 1069 378; x_wconf 84' lang='grc' dir='ltr'>καὶ</span> <span class='ocrx_word' id='word_1_24' title='bbox 1107 326 1190 381; x_wconf 76' lang='grc' dir='ltr'>τὰς</span> <span class='ocrx_word' id='word_1_25' title='bbox 1225 326 1513 393; x_wconf 86' lang='grc' dir='ltr'>ὀγδοήκοντα</span> <span class='ocrx_word' id='word_1_26' title='bbox 1553 331 1671 388; x_wconf 83' lang='grc' dir='ltr'>μνᾶς</span> <span class='ocrx_word' id='word_1_27' title='bbox 1710 325 1804 377; x_wconf 80' lang='grc' dir='ltr'>ἀπὸ</span> 
     </span>
     <span class='ocr_line' id='line_1_4' title="bbox 289 406 1803 476; baseline 0 -19"><span class='ocrx_word' id='word_1_28' title='bbox 289 412 384 457; x_wconf 88' lang='grc' dir='ltr'>τῶν</span> <span class='ocrx_word' id='word_1_29' title='bbox 427 408 661 474; x_wconf 79' lang='grc' dir='ltr'>τεττάρων</span> <span class='ocrx_word' id='word_1_30' title='bbox 704 408 951 460; x_wconf 77' lang='grc' dir='ltr'>ταλάντων</span> <span class='ocrx_word' id='word_1_31' title='bbox 995 411 1070 459; x_wconf 73' lang='grc' dir='ltr'>καὶ</span> <span class='ocrx_word' id='word_1_32' title='bbox 1115 410 1393 476; x_wconf 84' lang='grc' dir='ltr'>τρισχιλίων</span> <span class='ocrx_word' id='word_1_33' title='bbox 1439 408 1646 469; x_wconf 78' lang='grc' dir='ltr'>ἐλάβετε,</span> <span class='ocrx_word' id='word_1_34' title='bbox 1685 406 1803 458; x_wconf 78' lang='grc' dir='ltr'>ὥστ’</span> 
     </span>
     <span class='ocr_line' id='line_1_5' title="bbox 291 491 1831 559; baseline -0.001 -18"><span class='ocrx_word' id='word_1_35' title='bbox 291 491 393 542; x_wconf 77' lang='grc' dir='ltr'>οὐδὲ</span> <span class='ocrx_word' id='word_1_36' title='bbox 443 492 641 546; x_wconf 57' lang='grc' dir='ltr'>Υταύτας</span> <span class='ocrx_word' id='word_1_37' title='bbox 691 493 805 559; x_wconf 75' lang='grc' dir='ltr'>ὑπὲρ</span> <span class='ocrx_word' id='word_1_38' title='bbox 855 495 967 557; x_wconf 87' lang='grc' dir='ltr'>ε’μοῦ</span> <span class='ocrx_word' id='word_1_39' title='bbox 1019 496 1079 545; x_wconf 77' lang='grc' dir='ltr'>εἷς</span> <span class='ocrx_word' id='word_1_40' title='bbox 1131 492 1184 543; x_wconf 79' lang='grc' dir='ltr'>τὸ</span> <span class='ocrx_word' id='word_1_41' title='bbox 1227 491 1455 557; x_wconf 87' lang='grc' dir='ltr'>δημόσιον</span> <span class='ocrx_word' id='word_1_42' title='bbox 1497 491 1831 555; x_wconf 84' lang='grc' dir='ltr'>ἐτιμήσασθε·5</span> 
     </span>
     <span class='ocr_line' id='line_1_6' title="bbox 291 574 1805 643; baseline 0 -19"><span class='ocrx_word' id='word_1_43' title='bbox 291 575 502 641; x_wconf 77' lang='grc' dir='ltr'>ὑμέτεραι</span> <span class='ocrx_word' id='word_1_44' title='bbox 539 575 632 642; x_wconf 79' lang='grc' dir='ltr'>γὰρ</span> <span class='ocrx_word' id='word_1_45' title='bbox 671 574 796 639; x_wconf 79' lang='grc' dir='ltr'>ἦσαν</span> <span class='ocrx_word' id='word_1_46' title='bbox 838 577 886 626; x_wconf 86' lang='grc' dir='ltr'>ἐν</span> <span class='ocrx_word' id='word_1_47' title='bbox 927 576 1111 629; x_wconf 85' lang='grc' dir='ltr'>ἐκείνοις</span> <span class='ocrx_word' id='word_1_48' title='bbox 1147 581 1241 629; x_wconf 80' lang='grc' dir='ltr'>τοῖς</span> <span class='ocrx_word' id='word_1_49' title='bbox 1282 576 1482 643; x_wconf 78' lang='grc' dir='ltr'>χρόνοις.</span> <span class='ocrx_word' id='word_1_50' title='bbox 1540 574 1671 625; x_wconf 76' lang='grc' dir='ltr'>ἀλλὰ</span> <span class='ocrx_word' id='word_1_51' title='bbox 1710 574 1805 638; x_wconf 87' lang='grc' dir='ltr'>μὴν</span> 
     </span>
     <span class='ocr_line' id='line_1_7' title="bbox 291 658 1805 725; baseline 0.001 -17"><span class='ocrx_word' id='word_1_52' title='bbox 291 659 373 708; x_wconf 73' lang='grc' dir='ltr'>Ζέκ</span> <span class='ocrx_word' id='word_1_53' title='bbox 411 681 466 724; x_wconf 90' lang='grc' dir='ltr'>γε</span> <span class='ocrx_word' id='word_1_54' title='bbox 501 662 583 722; x_wconf 77' lang='grc' dir='ltr'>τῆς</span> <span class='ocrx_word' id='word_1_55' title='bbox 619 660 762 712; x_wconf 75' lang='grc' dir='ltr'>οἰκίας</span> <span class='ocrx_word' id='word_1_56' title='bbox 798 661 873 709; x_wconf 73' lang='grc' dir='ltr'>καὶ</span> <span class='ocrx_word' id='word_1_57' title='bbox 911 664 1005 709; x_wconf 92' lang='grc' dir='ltr'>τῶν</span> <span class='ocrx_word' id='word_1_58' title='bbox 1039 658 1274 725; x_wconf 80' lang='grc' dir='ltr'>τεττάρων</span> <span class='ocrx_word' id='word_1_59' title='bbox 1313 662 1387 710; x_wconf 77' lang='grc' dir='ltr'>καὶ</span> <span class='ocrx_word' id='word_1_60' title='bbox 1424 659 1533 710; x_wconf 79' lang='grc' dir='ltr'>δέκα</span> <span class='ocrx_word' id='word_1_61' title='bbox 1571 658 1805 724; x_wconf 86' lang='grc' dir='ltr'>ἀνδραπό-</span> 
     </span>
     <span class='ocr_line' id='line_1_8' title="bbox 292 741 1805 808; baseline 0 -16"><span class='ocrx_word' id='word_1_62' title='bbox 292 745 385 792; x_wconf 91' lang='grc' dir='ltr'>δων</span> <span class='ocrx_word' id='word_1_63' title='bbox 426 746 501 793; x_wconf 82' lang='grc' dir='ltr'>καὶ</span> <span class='ocrx_word' id='word_1_64' title='bbox 544 747 638 792; x_wconf 89' lang='grc' dir='ltr'>τῶν</span> <span class='ocrx_word' id='word_1_65' title='bbox 688 741 939 808; x_wconf 86' lang='grc' dir='ltr'>τριάκοντα</span> <span class='ocrx_word' id='word_1_66' title='bbox 982 747 1126 805; x_wconf 93' lang='grc' dir='ltr'>μνῶν,</span> <span class='ocrx_word' id='word_1_67' title='bbox 1167 741 1198 792; x_wconf 83' lang='grc' dir='ltr'>ἅ</span> <span class='ocrx_word' id='word_1_68' title='bbox 1240 765 1319 804; x_wconf 88' lang='grc' dir='ltr'>μοι</span> <span class='ocrx_word' id='word_1_69' title='bbox 1362 743 1674 808; x_wconf 82' lang='grc' dir='ltr'>παρεδώκατε,</span> <span class='ocrx_word' id='word_1_70' title='bbox 1719 741 1805 806; x_wconf 85' lang='grc' dir='ltr'>τὴν</span> 
     </span>
     <span class='ocr_line' id='line_1_9' title="bbox 290 825 1799 894; baseline -0.001 -18"><span class='ocrx_word' id='word_1_71' title='bbox 290 825 522 894; x_wconf 76' lang='grc' dir='ltr'>εἰσφορὰν</span> <span class='ocrx_word' id='word_1_72' title='bbox 548 827 634 893; x_wconf 83' lang='grc' dir='ltr'>οὐχ</span> <span class='ocrx_word' id='word_1_73' title='bbox 660 825 756 876; x_wconf 76' lang='grc' dir='ltr'>οἶόν</span> <span class='ocrx_word' id='word_1_74' title='bbox 782 849 830 876; x_wconf 92' lang='grc' dir='ltr'>τε</span> <span class='ocrx_word' id='word_1_75' title='bbox 857 826 1078 891; x_wconf 76' lang='grc' dir='ltr'>γενέσθαι</span> <span class='ocrx_word' id='word_1_76' title='bbox 1109 825 1359 890; x_wconf 83' lang='grc' dir='ltr'>τοσαύτην,</span> <span class='ocrx_word' id='word_1_77' title='bbox 1387 825 1507 890; x_wconf 78' lang='grc' dir='ltr'>ὅσην</span> <span class='ocrx_word' id='word_1_78' title='bbox 1533 828 1658 889; x_wconf 80' lang='grc' dir='ltr'>ὑμεῖς</span> <span class='ocrx_word' id='word_1_79' title='bbox 1683 848 1799 876; x_wconf 81' lang='grc' dir='ltr'>συν-</span> 
     </span>
    </p>

    <p class='ocr_par' dir='ltr' id='par_1_3' title="bbox 227 907 1858 1395">
     <span class='ocr_line' id='line_1_10' title="bbox 227 907 1858 976; baseline 0 -18"><span class='ocrx_word' id='word_1_80' title='bbox 227 931 278 958; x_wconf 87' lang='lat'>10</span> <span class='ocrx_word' id='word_1_81' title='bbox 292 907 525 976; x_wconf 73' lang='grc' dir='ltr'>ετάξασθε</span> <span class='ocrx_word' id='word_1_82' title='bbox 562 908 681 974; x_wconf 77' lang='grc' dir='ltr'>πρὸς</span> <span class='ocrx_word' id='word_1_83' title='bbox 718 907 803 972; x_wconf 81' lang='grc' dir='ltr'>τὴν</span> <span class='ocrx_word' id='word_1_84' title='bbox 827 908 1112 973; x_wconf 79' lang='grc' dir='ltr'>συμμορίαν.</span> <span class='ocrx_word' id='word_1_85' title='bbox 1171 910 1283 958; x_wconf 87' lang='grc' dir='ltr'>ἀλλ’</span> <span class='ocrx_word' id='word_1_86' title='bbox 1312 908 1492 974; x_wconf 84' lang='grc' dir='ltr'>ἀνάγκη</span> <span class='ocrx_word' id='word_1_87' title='bbox 1522 907 1707 974; x_wconf 84' lang='grc' dir='ltr'>μεγάλη</span> <span class='ocrx_word' id='word_1_88' title='bbox 1745 907 1805 959; x_wconf 78' lang='grc' dir='ltr'>τὰ</span> <span class='ocrx_word' id='word_1_89' title='bbox 1820 931 1858 952; x_wconf 93' lang='lat'>10</span> 
     </span>
     <span class='ocr_line' id='line_1_11' title="bbox 291 991 1806 1060; baseline 0.003 -18"><span class='ocrx_word' id='word_1_90' title='bbox 291 991 677 1060; x_wconf 77' lang='grc' dir='ltr'>καταλειφθέντα,</span> <span class='ocrx_word' id='word_1_91' title='bbox 703 995 876 1060; x_wconf 73' lang='grc' dir='ltr'>πολλῷ</span> <span class='ocrx_word' id='word_1_92' title='bbox 913 992 1088 1042; x_wconf 87' lang='grc' dir='ltr'>πλείον’</span> <span class='ocrx_word' id='word_1_93' title='bbox 1118 992 1231 1043; x_wconf 77' lang='grc' dir='ltr'>ὄντα</span> <span class='ocrx_word' id='word_1_94' title='bbox 1255 993 1448 1055; x_wconf 83' lang='grc' dir='ltr'>τούτων,</span> <span class='ocrx_word' id='word_1_95' title='bbox 1487 992 1658 1044; x_wconf 54' lang='grc' dir='ltr'>ἢπάνθ’</span> <span class='ocrx_word' id='word_1_96' title='bbox 1688 994 1806 1056; x_wconf 73' lang='grc' dir='ltr'>ὑμᾶς</span> 
     </span>
     <span class='ocr_line' id='line_1_12' title="bbox 289 1074 1807 1145; baseline 0.001 -20"><span class='ocrx_word' id='word_1_97' title='bbox 289 1076 409 1142; x_wconf 74' lang='grc' dir='ltr'>ἔχειν</span> <span class='ocrx_word' id='word_1_98' title='bbox 458 1077 600 1137; x_wconf 70' lang='grc' dir='ltr'>ἐστὶν,</span> <span class='ocrx_word' id='word_1_99' title='bbox 648 1074 677 1125; x_wconf 79' lang='grc' dir='ltr'><em>ἃ</em></span> <span class='ocrx_word' id='word_1_100' title='bbox 729 1079 942 1144; x_wconf 78' lang='grc' dir='ltr'>φανερῶς</span> <span class='ocrx_word' id='word_1_101' title='bbox 997 1075 1067 1125; x_wconf 79' lang='grc' dir='ltr'>ὅτι</span> <span class='ocrx_word' id='word_1_102' title='bbox 1119 1075 1400 1141; x_wconf 88' lang='grc' dir='ltr'>διηρπάκατε</span> <span class='ocrx_word' id='word_1_103' title='bbox 1452 1075 1807 1145; x_wconf 75' lang='grc' dir='ltr'>ἐξελεγχόμενοι</span> 
     </span>
     <span class='ocr_line' id='line_1_13' title="bbox 290 1157 1804 1224; baseline 0.001 -16"><span class='ocrx_word' id='word_1_104' title='bbox 290 1164 481 1209; x_wconf 91' lang='grc' dir='ltr'>τοιαῦτα</span> <span class='ocrx_word' id='word_1_105' title='bbox 518 1157 819 1210; x_wconf 84' lang='grc' dir='ltr'>πλάττεσθαι</span> <span class='ocrx_word' id='word_1_106' title='bbox 853 1163 1073 1222; x_wconf 81' lang='grc' dir='ltr'>τολμᾶτε.</span> <span class='ocrx_word' id='word_1_107' title='bbox 1138 1162 1213 1209; x_wconf 80' lang='grc' dir='ltr'>καὶ</span> <span class='ocrx_word' id='word_1_108' title='bbox 1251 1158 1384 1209; x_wconf 63' lang='grc' dir='ltr'>1)τοτοέ</span> <span class='ocrx_word' id='word_1_109' title='bbox 1426 1158 1512 1222; x_wconf 76' lang='grc' dir='ltr'>μὲν</span> <span class='ocrx_word' id='word_1_110' title='bbox 1546 1163 1607 1213; x_wconf 80' lang='grc' dir='ltr'>εἷς</span> <span class='ocrx_word' id='word_1_111' title='bbox 1645 1159 1804 1224; x_wconf 87' lang='grc' dir='ltr'>ἀλλή-</span> 
     </span>
     <span class='ocr_line' id='line_1_14' title="bbox 292 1241 1857 1311; baseline 0.001 -20"><span class='ocrx_word' id='word_1_112' title='bbox 292 1249 404 1295; x_wconf 90' lang='grc' dir='ltr'>λους</span> <span class='ocrx_word' id='word_1_113' title='bbox 436 1242 702 1311; x_wconf 76' lang='grc' dir='ltr'>ἀναφέρετε,</span> <span class='ocrx_word' id='word_1_114' title='bbox 729 1241 877 1292; x_wconf 88' lang='grc' dir='ltr'>πάλιν</span> <span class='ocrx_word' id='word_1_115' title='bbox 912 1242 950 1292; x_wconf 88' lang='grc' dir='ltr'>δ’</span> <span class='ocrx_word' id='word_1_116' title='bbox 980 1241 1221 1309; x_wconf 68' lang='grc' dir='ltr'>εἰληφέναι</span> <span class='ocrx_word' id='word_1_117' title='bbox 1256 1242 1383 1292; x_wconf 54' lang='grc' dir='ltr'>οκατ’</span> <span class='ocrx_word' id='word_1_118' title='bbox 1413 1241 1645 1305; x_wconf 85' lang='grc' dir='ltr'>ἀλλήλων</span> <span class='ocrx_word' id='word_1_119' title='bbox 1678 1265 1801 1308; x_wconf 48' lang='grc' dir='ltr'>μαρε</span> <span class='ocrx_word' id='word_1_120' title='bbox 1823 1267 1857 1297; x_wconf 84' lang='lat'>15</span> 
     </span>
     <span class='ocr_line' id='line_1_15' title="bbox 290 1324 1807 1395; baseline 0 -19"><span class='ocrx_word' id='word_1_121' title='bbox 290 1331 479 1392; x_wconf 85' lang='grc' dir='ltr'>τυρεῖτε.</span> <span class='ocrx_word' id='word_1_122' title='bbox 540 1326 806 1395; x_wconf 83' lang='grc' dir='ltr'>φάσκοντες</span> <span class='ocrx_word' id='word_1_123' title='bbox 844 1329 884 1376; x_wconf 86' lang='grc' dir='ltr'>δ’</span> <span class='ocrx_word' id='word_1_124' title='bbox 925 1327 978 1376; x_wconf 82' lang='grc' dir='ltr'>οὐ</span> <span class='ocrx_word' id='word_1_125' title='bbox 1013 1325 1179 1377; x_wconf 80' lang='grc' dir='ltr'>πολλὰ</span> <span class='ocrx_word' id='word_1_126' title='bbox 1220 1330 1386 1386; x_wconf 79' lang='grc' dir='ltr'>λαβεῖν</span> <span class='ocrx_word' id='word_1_127' title='bbox 1425 1324 1650 1390; x_wconf 86' lang='grc' dir='ltr'>μεγάλων</span> <span class='ocrx_word' id='word_1_128' title='bbox 1695 1328 1807 1376; x_wconf 89' lang='grc' dir='ltr'>ἀνα-</span> 
     </span>
    </p>

    <p class='ocr_par' dir='ltr' id='par_1_4' title="bbox 227 1407 1861 1809">
     <span class='ocr_line' id='line_1_16' title="bbox 227 1407 1802 1477; baseline 0 -18"><span class='ocrx_word' id='word_1_129' title='bbox 227 1429 270 1455; x_wconf 89' lang='lat'>11</span> <span class='ocrx_word' id='word_1_130' title='bbox 292 1408 526 1473; x_wconf 85' lang='grc' dir='ltr'>λωμάτων</span> <span class='ocrx_word' id='word_1_131' title='bbox 562 1410 736 1475; x_wconf 87' lang='grc' dir='ltr'>λόγους</span> <span class='ocrx_word' id='word_1_132' title='bbox 768 1408 1099 1476; x_wconf 84' lang='grc' dir='ltr'>ἀπενηνόχατε.</span> <span class='ocrx_word' id='word_1_133' title='bbox 1158 1409 1329 1463; x_wconf 87' lang='grc' dir='ltr'>πάντες</span> <span class='ocrx_word' id='word_1_134' title='bbox 1365 1407 1414 1459; x_wconf 78' lang='grc' dir='ltr'>δὲ</span> <span class='ocrx_word' id='word_1_135' title='bbox 1449 1413 1578 1477; x_wconf 83' lang='grc' dir='ltr'>κοινῇ</span> <span class='ocrx_word' id='word_1_136' title='bbox 1609 1433 1666 1472; x_wconf 88' lang='grc' dir='ltr'>με</span> <span class='ocrx_word' id='word_1_137' title='bbox 1703 1411 1802 1461; x_wconf 86' lang='grc' dir='ltr'>ἐπι-</span> 
     </span>
     <span class='ocr_line' id='line_1_17' title="bbox 290 1492 1808 1561; baseline 0.001 -19"><span class='ocrx_word' id='word_1_138' title='bbox 290 1494 633 1558; x_wconf 85' lang='grc' dir='ltr'>τροπεύσαντες</span> <span class='ocrx_word' id='word_1_139' title='bbox 675 1493 767 1561; x_wconf 76' lang='grc' dir='ltr'>ἰδίᾳ</span> <span class='ocrx_word' id='word_1_140' title='bbox 807 1492 924 1556; x_wconf 74' lang='grc' dir='ltr'>μετὰ</span> <span class='ocrx_word' id='word_1_141' title='bbox 961 1498 1108 1543; x_wconf 89' lang='grc' dir='ltr'>ταῦτα</span> <span class='ocrx_word' id='word_1_142' title='bbox 1152 1493 1341 1543; x_wconf 76' lang='grc' dir='ltr'>ἕκαστοι</span> <span class='ocrx_word' id='word_1_143' title='bbox 1381 1497 1673 1559; x_wconf 81' lang='grc' dir='ltr'>μηχανᾶσθε.</span> <span class='ocrx_word' id='word_1_144' title='bbox 1731 1495 1808 1543; x_wconf 79' lang='grc' dir='ltr'>καὶ</span> 
     </span>
     <span class='ocr_line' id='line_1_18' title="bbox 290 1574 1805 1645; baseline 0.001 -19"><span class='ocrx_word' id='word_1_145' title='bbox 290 1576 375 1640; x_wconf 87' lang='grc' dir='ltr'>τὴν</span> <span class='ocrx_word' id='word_1_146' title='bbox 402 1574 512 1640; x_wconf 66' lang='grc' dir='ltr'>εἰμὲν</span> <span class='ocrx_word' id='word_1_147' title='bbox 539 1576 764 1641; x_wconf 86' lang='grc' dir='ltr'>διαθήκην</span> <span class='ocrx_word' id='word_1_148' title='bbox 790 1577 1061 1644; x_wconf 86' lang='grc' dir='ltr'>ἠφανίκατε,</span> <span class='ocrx_word' id='word_1_149' title='bbox 1089 1576 1146 1645; x_wconf 75' lang='grc' dir='ltr'>ἐξ</span> <span class='ocrx_word' id='word_1_150' title='bbox 1167 1576 1221 1640; x_wconf 77' lang='grc' dir='ltr'>ἧς</span> <span class='ocrx_word' id='word_1_151' title='bbox 1252 1575 1309 1639; x_wconf 81' lang='grc' dir='ltr'>ἧν</span> <span class='ocrx_word' id='word_1_152' title='bbox 1335 1576 1498 1626; x_wconf 79' lang='grc' dir='ltr'>εἰδέναι</span> <span class='ocrx_word' id='word_1_153' title='bbox 1535 1578 1641 1642; x_wconf 73' lang='grc' dir='ltr'>περὶ</span> <span class='ocrx_word' id='word_1_154' title='bbox 1680 1575 1805 1628; x_wconf 73' lang='grc' dir='ltr'>πάν·-</span> 
     </span>
     <span class='ocr_line' id='line_1_19' title="bbox 290 1658 1861 1727; baseline 0.001 -17"><span class='ocrx_word' id='word_1_155' title='bbox 290 1683 385 1711; x_wconf 91' lang='grc' dir='ltr'>των</span> <span class='ocrx_word' id='word_1_156' title='bbox 410 1659 495 1724; x_wconf 81' lang='grc' dir='ltr'>τὴν</span> <span class='ocrx_word' id='word_1_157' title='bbox 521 1660 758 1724; x_wconf 85' lang='grc' dir='ltr'>ἀλήθειαν,</span> <span class='ocrx_word' id='word_1_158' title='bbox 785 1661 1011 1727; x_wconf 89' lang='grc' dir='ltr'>φαίνεσθε</span> <span class='ocrx_word' id='word_1_159' title='bbox 1049 1661 1086 1710; x_wconf 89' lang='grc' dir='ltr'>δ’</span> <span class='ocrx_word' id='word_1_160' title='bbox 1116 1660 1335 1711; x_wconf 78' lang='grc' dir='ltr'>οὐδέποτε</span> <span class='ocrx_word' id='word_1_161' title='bbox 1369 1667 1384 1686; x_wconf 84' lang='lat' dir='ltr'>e</span> <span class='ocrx_word' id='word_1_162' title='bbox 1401 1658 1548 1711; x_wconf 77' lang='grc' dir='ltr'>ταύτὰ</span> <span class='ocrx_word' id='word_1_163' title='bbox 1574 1662 1678 1727; x_wconf 79' lang='grc' dir='ltr'>περὶ</span> <span class='ocrx_word' id='word_1_164' title='bbox 1709 1663 1800 1711; x_wconf 79' lang='grc' dir='ltr'>ἀλ·-</span> <span class='ocrx_word' id='word_1_165' title='bbox 1819 1685 1861 1706; x_wconf 85' lang='lat'>20</span> 
     </span>
     <span class='ocr_line' id='line_1_20' title="bbox 290 1744 710 1809; baseline 0.002 -16"><span class='ocrx_word' id='word_1_166' title='bbox 290 1744 455 1808; x_wconf 88' lang='grc' dir='ltr'>λήλων</span> <span class='ocrx_word' id='word_1_167' title='bbox 481 1745 710 1809; x_wconf 73' lang='grc' dir='ltr'>λέγοντες,</span> 
     </span>
    </p>
   </div>
   <div class='ocr_carea' id='block_1_3' title="bbox 1618 1825 1810 1880">
    <p class='ocr_par' dir='ltr' id='par_1_5' title="bbox 1618 1825 1810 1880">
     <span class='ocr_line' id='line_1_21' title="bbox 1618 1825 1810 1880; baseline 0.016 -3"><span class='ocrx_word' id='word_1_168' title='bbox 1618 1825 1633 1852; x_wconf 73' lang='lat' dir='ltr'><strong>f</strong></span> <span class='ocrx_word' id='word_1_169' title='bbox 1646 1827 1810 1880; x_wconf 60' lang='grc' dir='ltr'>πάσας</span> 
     </span>
    </p>
   </div>
   <div class='ocr_carea' id='block_1_4' title="bbox 291 1826 1805 1978">
    <p class='ocr_par' dir='ltr' id='par_1_6' title="bbox 291 1826 1805 1978">
     <span class='ocr_line' id='line_1_22' title="bbox 366 1826 1585 1893; baseline 0.001 -15"><span class='ocrx_word' id='word_1_170' title='bbox 366 1826 498 1889; x_wconf 79' lang='grc' dir='ltr'>Λαβὲ</span> <span class='ocrx_word' id='word_1_171' title='bbox 538 1826 593 1891; x_wconf 86' lang='grc' dir='ltr'>δὴ</span> <span class='ocrx_word' id='word_1_172' title='bbox 631 1827 714 1880; x_wconf 79' lang='grc' dir='ltr'>τὰς</span> <span class='ocrx_word' id='word_1_173' title='bbox 750 1828 1018 1893; x_wconf 85' lang='grc' dir='ltr'>μαρτυρίας,</span> <span class='ocrx_word' id='word_1_174' title='bbox 1046 1829 1121 1877; x_wconf 80' lang='grc' dir='ltr'>καὶ</span> <span class='ocrx_word' id='word_1_175' title='bbox 1157 1826 1393 1891; x_wconf 84' lang='grc' dir='ltr'>ἀνάγνωθι</span> <span class='ocrx_word' id='word_1_176' title='bbox 1430 1828 1585 1880; x_wconf 80' lang='grc' dir='ltr'>αὐτοῖς</span> 
     </span>
     <span class='ocr_line' id='line_1_23' title="bbox 291 1909 1805 1978; baseline -0.001 -18"><span class='ocrx_word' id='word_1_177' title='bbox 291 1911 473 1978; x_wconf 76' lang='grc' dir='ltr'>ἐφεξῆς,</span> <span class='ocrx_word' id='word_1_178' title='bbox 505 1911 580 1960; x_wconf 80' lang='grc' dir='ltr'>ἵνα</span> <span class='ocrx_word' id='word_1_179' title='bbox 618 1910 904 1973; x_wconf 71' lang='grc' dir='ltr'>μνησθέντες</span> <span class='ocrx_word' id='word_1_180' title='bbox 943 1911 1017 1959; x_wconf 75' lang='grc' dir='ltr'>καὶ</span> <span class='ocrx_word' id='word_1_181' title='bbox 1057 1913 1150 1960; x_wconf 90' lang='grc' dir='ltr'>τῶν</span> <span class='ocrx_word' id='word_1_182' title='bbox 1186 1909 1637 1975; x_wconf 64' lang='grc' dir='ltr'>ἕμεμαρτυρημένων</span> <span class='ocrx_word' id='word_1_183' title='bbox 1671 1911 1805 1975; x_wconf 86' lang='grc' dir='ltr'>ἀκρι-</span> 
     </span>
    </p>
   </div>
   <div class='ocr_carea' id='block_1_5' title="bbox 231 1992 1857 2158">
    <p class='ocr_par' dir='ltr' id='par_1_7' title="bbox 231 1992 1857 2158">
     <span class='ocr_line' id='line_1_24' title="bbox 291 1992 1124 2059; baseline -0.001 -16"><span class='ocrx_word' id='word_1_184' title='bbox 291 1993 519 2059; x_wconf 77' lang='grc' dir='ltr'>βέστερον</span> <span class='ocrx_word' id='word_1_185' title='bbox 545 1992 564 2019; x_wconf 67' lang='lat'>¹¹</span> <span class='ocrx_word' id='word_1_186' title='bbox 573 1995 801 2057; x_wconf 87' lang='grc' dir='ltr'>διαγνῶσι</span> <span class='ocrx_word' id='word_1_187' title='bbox 825 1995 931 2058; x_wconf 78' lang='grc' dir='ltr'>περὶ</span> <span class='ocrx_word' id='word_1_188' title='bbox 957 1993 1124 2043; x_wconf 80' lang='grc' dir='ltr'>αὐτῶν.</span> 
     </span>
     <span class='ocr_line' id='line_1_25' title="bbox 231 2109 1857 2158; baseline 0.001 -10"><span class='ocrx_word' id='word_1_189' title='bbox 231 2121 275 2149; x_wconf 87' lang='lat'>12</span> <span class='ocrx_word' id='word_1_190' title='bbox 887 2109 1212 2150; x_wconf 76' lang='lat' dir='ltr'><strong>MAPTTPIAI.</strong></span> <span class='ocrx_word' id='word_1_191' title='bbox 1820 2126 1857 2158; x_wconf 72' lang='lat'>²5</span> 
     </span>
    </p>
   </div>
   <div class='ocr_carea' id='block_1_6' title="bbox 291 2189 1807 2424">
    <p class='ocr_par' dir='ltr' id='par_1_8' title="bbox 291 2189 1807 2424">
     <span class='ocr_line' id='line_1_26' title="bbox 366 2189 1802 2257; baseline 0.001 -16"><span class='ocrx_word' id='word_1_192' title='bbox 366 2192 512 2241; x_wconf 79' lang='grc' dir='ltr'>Ταῦθ’</span> <span class='ocrx_word' id='word_1_193' title='bbox 541 2191 667 2241; x_wconf 82' lang='grc' dir='ltr'>οῦτοι</span> <span class='ocrx_word' id='word_1_194' title='bbox 705 2190 823 2257; x_wconf 75' lang='grc' dir='ltr'>πρὸς</span> <span class='ocrx_word' id='word_1_195' title='bbox 855 2189 1469 2244; x_wconf 78' lang='grc' dir='ltr'>ἰπεντεκαιδεκαταλάντους</span> <span class='ocrx_word' id='word_1_196' title='bbox 1504 2189 1657 2245; x_wconf 73' lang='grc' dir='ltr'>οἴκους</span> <span class='ocrx_word' id='word_1_197' title='bbox 1682 2214 1802 2242; x_wconf 87' lang='grc' dir='ltr'>συν-</span> 
     </span>
     <span class='ocr_line' id='line_1_27' title="bbox 292 2273 1807 2342; baseline 0 -17"><span class='ocrx_word' id='word_1_198' title='bbox 292 2274 574 2338; x_wconf 88' lang='grc' dir='ltr'>ετιμήσαντο</span> <span class='ocrx_word' id='word_1_199' title='bbox 616 2274 729 2341; x_wconf 75' lang='grc' dir='ltr'>ὑπὲρ</span> <span class='ocrx_word' id='word_1_200' title='bbox 767 2277 896 2338; x_wconf 84' lang='grc' dir='ltr'>ἐμοῦ·</span> <span class='ocrx_word' id='word_1_201' title='bbox 937 2280 1066 2338; x_wconf 88' lang='grc' dir='ltr'>μνῶν</span> <span class='ocrx_word' id='word_1_202' title='bbox 1100 2277 1141 2324; x_wconf 86' lang='grc' dir='ltr'>δ’</span> <span class='ocrx_word' id='word_1_203' title='bbox 1178 2276 1270 2325; x_wconf 80' lang='grc' dir='ltr'>οὐδ’</span> <span class='ocrx_word' id='word_1_204' title='bbox 1307 2273 1629 2338; x_wconf 77' lang='grc' dir='ltr'>ἑβδομήκοντα</span> <span class='ocrx_word' id='word_1_205' title='bbox 1668 2275 1807 2342; x_wconf 78' lang='grc' dir='ltr'>ἀξίαν</span> 
     </span>
     <span class='ocr_line' id='line_1_28' title="bbox 291 2356 1807 2424; baseline -0.001 -16"><span class='ocrx_word' id='word_1_206' title='bbox 291 2380 369 2420; x_wconf 85' lang='grc' dir='ltr'>μοι</span> <span class='ocrx_word' id='word_1_207' title='bbox 419 2358 780 2424; x_wconf 82' lang='grc' dir='ltr'>παραδεδώκασι</span> <span class='ocrx_word' id='word_1_208' title='bbox 831 2357 916 2421; x_wconf 86' lang='grc' dir='ltr'>τὴν</span> <span class='ocrx_word' id='word_1_209' title='bbox 965 2359 1130 2408; x_wconf 82' lang='grc' dir='ltr'>οὐσίαν</span> <span class='ocrx_word' id='word_1_210' title='bbox 1182 2362 1302 2423; x_wconf 81' lang='grc' dir='ltr'>τρεῖς</span> <span class='ocrx_word' id='word_1_211' title='bbox 1354 2356 1495 2409; x_wconf 77' lang='grc' dir='ltr'>ὄντες.</span> <span class='ocrx_word' id='word_1_212' title='bbox 1565 2357 1674 2421; x_wconf 74' lang='grc' dir='ltr'>λε’γε</span> <span class='ocrx_word' id='word_1_213' title='bbox 1723 2357 1807 2410; x_wconf 82' lang='grc' dir='ltr'>τὰς</span> 
     </span>
    </p>
   </div>
   <div class='ocr_carea' id='block_1_7' title="bbox 294 2442 479 2509">
    <p class='ocr_par' dir='ltr' id='par_1_9' title="bbox 294 2442 479 2509">
     <span class='ocr_line' id='line_1_29' title="bbox 294 2442 479 2509; baseline 0.005 -19"><span class='ocrx_word' id='word_1_214' title='bbox 294 2442 479 2509; x_wconf 78' lang='grc' dir='ltr'>ἐφεξῆς.</span> 
     </span>
    </p>
   </div>
   <div class='ocr_carea' id='block_1_8' title="bbox 292 2577 1805 2731">
    <p class='ocr_par' dir='ltr' id='par_1_10' title="bbox 292 2577 1805 2731">
     <span class='ocr_line' id='line_1_30' title="bbox 348 2577 1803 2625; baseline 0 -12"><span class='ocrx_word' id='word_1_215' title='bbox 348 2586 362 2608; x_wconf 73' lang='grc'>-“’</span> <span class='ocrx_word' id='word_1_216' title='bbox 383 2579 522 2625; x_wconf 76' lang='grc' dir='ltr'>ταύτης]</span> <span class='ocrx_word' id='word_1_217' title='bbox 547 2579 640 2613; x_wconf 72' lang='grc' dir='ltr'>ταῦθ’</span> <span class='ocrx_word' id='word_1_218' title='bbox 662 2581 736 2614; x_wconf 78' lang='lat' dir='ltr'>A.r.</span> <span class='ocrx_word' id='word_1_219' title='bbox 835 2585 851 2604; x_wconf 81' lang='grc' dir='ltr'><strong><em>Ζ</em></strong></span> <span class='ocrx_word' id='word_1_220' title='bbox 873 2581 907 2613; x_wconf 76' lang='grc' dir='ltr'>ἔκ</span> <span class='ocrx_word' id='word_1_221' title='bbox 927 2579 984 2625; x_wconf 83' lang='grc' dir='ltr'>γε]</span> <span class='ocrx_word' id='word_1_222' title='bbox 1009 2580 1043 2612; x_wconf 57' lang='lat' dir='ltr'>a&lt;</span> <span class='ocrx_word' id='word_1_223' title='bbox 1064 2593 1098 2612; x_wconf 87' lang='grc' dir='ltr'>τε</span> <span class='ocrx_word' id='word_1_224' title='bbox 1120 2579 1233 2612; x_wconf 85' lang='lat' dir='ltr'><strong>A.S.r.</strong></span> <span class='ocrx_word' id='word_1_225' title='bbox 1332 2584 1350 2603; x_wconf 71' lang='grc' dir='ltr'><strong>ὃ</strong></span> <span class='ocrx_word' id='word_1_226' title='bbox 1369 2577 1466 2612; x_wconf 78' lang='grc' dir='ltr'>πάνθ’</span> <span class='ocrx_word' id='word_1_227' title='bbox 1489 2578 1524 2612; x_wconf 83' lang='lat' dir='ltr'>S.</span> <span class='ocrx_word' id='word_1_228' title='bbox 1555 2579 1665 2611; x_wconf 86' lang='grc' dir='ltr'>πάντα</span> <span class='ocrx_word' id='word_1_229' title='bbox 1684 2578 1803 2623; x_wconf 81' lang='lat' dir='ltr'>vulgo.</span> 
     </span>
     <span class='ocr_line' id='line_1_31' title="bbox 292 2629 1805 2676; baseline -0.001 -11"><span class='ocrx_word' id='word_1_230' title='bbox 292 2634 419 2668; x_wconf 80' lang='grc' dir='ltr'>πάντας</span> <span class='ocrx_word' id='word_1_231' title='bbox 438 2634 478 2666; x_wconf 91' lang='lat' dir='ltr'>A.</span> <span class='ocrx_word' id='word_1_232' title='bbox 549 2629 568 2656; x_wconf 79' lang='lat' dir='ltr'>b</span> <span class='ocrx_word' id='word_1_233' title='bbox 589 2632 682 2676; x_wconf 71' lang='grc' dir='ltr'>τοτὲ]</span> <span class='ocrx_word' id='word_1_234' title='bbox 706 2633 788 2666; x_wconf 76' lang='grc' dir='ltr'>ποτὲ</span> <span class='ocrx_word' id='word_1_235' title='bbox 809 2634 878 2665; x_wconf 81' lang='lat' dir='ltr'>A.r.</span> <span class='ocrx_word' id='word_1_236' title='bbox 954 2638 969 2657; x_wconf 76' lang='lat'><strong>0</strong></span> <span class='ocrx_word' id='word_1_237' title='bbox 989 2631 1058 2666; x_wconf 80' lang='grc' dir='ltr'>κατ’</span> <span class='ocrx_word' id='word_1_238' title='bbox 1075 2631 1237 2674; x_wconf 74' lang='grc' dir='ltr'>ἀλλήλων</span> <span class='ocrx_word' id='word_1_239' title='bbox 1256 2643 1326 2666; x_wconf 88' lang='lat' dir='ltr'>om.</span> <span class='ocrx_word' id='word_1_240' title='bbox 1347 2631 1381 2665; x_wconf 82' lang='lat' dir='ltr'>S.</span> <span class='ocrx_word' id='word_1_241' title='bbox 1406 2631 1457 2674; x_wconf 84' lang='lat' dir='ltr'>(in</span> <span class='ocrx_word' id='word_1_242' title='bbox 1478 2642 1547 2676; x_wconf 72' lang='lat' dir='ltr'>quo</span> <span class='ocrx_word' id='word_1_243' title='bbox 1567 2643 1658 2665; x_wconf 80' lang='lat' dir='ltr'>nova</span> <span class='ocrx_word' id='word_1_244' title='bbox 1677 2631 1805 2676; x_wconf 80' lang='lat' dir='ltr'>pagina</span> 
     </span>
     <span class='ocr_line' id='line_1_32' title="bbox 294 2681 1805 2731; baseline -0.001 -13"><span class='ocrx_word' id='word_1_245' title='bbox 294 2698 312 2718; x_wconf 85' lang='lat' dir='ltr'>a</span> <span class='ocrx_word' id='word_1_246' title='bbox 332 2686 436 2719; x_wconf 83' lang='lat' dir='ltr'>verbo</span> <span class='ocrx_word' id='word_1_247' title='bbox 457 2687 654 2730; x_wconf 81' lang='grc' dir='ltr'>μαρτυρεῖτε</span> <span class='ocrx_word' id='word_1_248' title='bbox 674 2686 825 2730; x_wconf 85' lang='lat' dir='ltr'>incipit.)</span> <span class='ocrx_word' id='word_1_249' title='bbox 857 2685 960 2720; x_wconf 89' lang='lat' dir='ltr'>Conf.</span> <span class='ocrx_word' id='word_1_250' title='bbox 981 2697 1014 2730; x_wconf 90' lang='lat' dir='ltr'>p.</span> <span class='ocrx_word' id='word_1_251' title='bbox 1040 2684 1126 2731; x_wconf 80' lang='lat'>839,</span> <span class='ocrx_word' id='word_1_252' title='bbox 1152 2695 1211 2729; x_wconf 87' lang='lat'>27.</span> <span class='ocrx_word' id='word_1_253' title='bbox 1317 2681 1336 2708; x_wconf 88' lang='lat' dir='ltr'><strong>d</strong></span> <span class='ocrx_word' id='word_1_254' title='bbox 1359 2685 1419 2725; x_wconf 85' lang='grc' dir='ltr'>μὲν</span> <span class='ocrx_word' id='word_1_255' title='bbox 1441 2695 1509 2718; x_wconf 89' lang='lat' dir='ltr'>om.</span> <span class='ocrx_word' id='word_1_256' title='bbox 1532 2696 1559 2718; x_wconf 91' lang='lat' dir='ltr'>r.</span> <span class='ocrx_word' id='word_1_257' title='bbox 1664 2688 1679 2707; x_wconf 87' lang='lat' dir='ltr'>e</span> <span class='ocrx_word' id='word_1_258' title='bbox 1698 2684 1805 2717; x_wconf 80' lang='grc' dir='ltr'>ταύτὰ</span> 
     </span>
    </p>
   </div>
   <div class='ocr_carea' id='block_1_9' title="bbox 291 2735 1805 2931">
    <p class='ocr_par' dir='ltr' id='par_1_11' title="bbox 291 2735 1805 2931">
     <span class='ocr_line' id='line_1_33' title="bbox 293 2735 1803 2783; baseline 0 -12"><span class='ocrx_word' id='word_1_259' title='bbox 293 2751 363 2772; x_wconf 80' lang='lat' dir='ltr'>om.</span> <span class='ocrx_word' id='word_1_260' title='bbox 386 2739 458 2772; x_wconf 91' lang='lat' dir='ltr'>A.r.</span> <span class='ocrx_word' id='word_1_261' title='bbox 544 2735 558 2761; x_wconf 83' lang='lat' dir='ltr'>f</span> <span class='ocrx_word' id='word_1_262' title='bbox 574 2737 704 2783; x_wconf 85' lang='grc' dir='ltr'>πάσας]</span> <span class='ocrx_word' id='word_1_263' title='bbox 729 2738 766 2772; x_wconf 84' lang='grc' dir='ltr'>ἃς</span> <span class='ocrx_word' id='word_1_264' title='bbox 788 2738 822 2772; x_wconf 84' lang='lat' dir='ltr'>S.</span> <span class='ocrx_word' id='word_1_265' title='bbox 907 2744 927 2770; x_wconf 75' lang='lat' dir='ltr'>g</span> <span class='ocrx_word' id='word_1_266' title='bbox 946 2736 1265 2782; x_wconf 82' lang='grc' dir='ltr'>μεμαρτυρημένων]</span> <span class='ocrx_word' id='word_1_267' title='bbox 1291 2737 1342 2770; x_wconf 77' lang='grc' dir='ltr'>καὶ</span> <span class='ocrx_word' id='word_1_268' title='bbox 1363 2739 1430 2770; x_wconf 81' lang='grc' dir='ltr'>τῶν</span> <span class='ocrx_word' id='word_1_269' title='bbox 1449 2736 1629 2780; x_wconf 84' lang='grc' dir='ltr'>εἰρημένων</span> <span class='ocrx_word' id='word_1_270' title='bbox 1649 2737 1746 2770; x_wconf 84' lang='lat' dir='ltr'><strong>addit</strong></span> <span class='ocrx_word' id='word_1_271' title='bbox 1767 2737 1803 2771; x_wconf 86' lang='lat' dir='ltr'>S.</span> 
     </span>
     <span class='ocr_line' id='line_1_34' title="bbox 293 2787 1804 2836; baseline -0.001 -12"><span class='ocrx_word' id='word_1_272' title='bbox 293 2789 312 2814; x_wconf 74' lang='lat' dir='ltr'>h</span> <span class='ocrx_word' id='word_1_273' title='bbox 333 2791 495 2836; x_wconf 85' lang='grc' dir='ltr'>διαγνῶσι</span> <span class='ocrx_word' id='word_1_274' title='bbox 516 2792 556 2824; x_wconf 87' lang='grc' dir='ltr'>Α.</span> <span class='ocrx_word' id='word_1_275' title='bbox 587 2792 781 2835; x_wconf 80' lang='grc' dir='ltr'>γινώσκωσι</span> <span class='ocrx_word' id='word_1_276' title='bbox 802 2791 842 2825; x_wconf 86' lang='lat' dir='ltr'>F.</span> <span class='ocrx_word' id='word_1_277' title='bbox 873 2792 1138 2836; x_wconf 79' lang='grc' dir='ltr'>διαγινώσκουσι</span> <span class='ocrx_word' id='word_1_278' title='bbox 1159 2790 1193 2829; x_wconf 80' lang='lat' dir='ltr'>S,</span> <span class='ocrx_word' id='word_1_279' title='bbox 1215 2804 1233 2823; x_wconf 88' lang='grc' dir='ltr'>υ</span> <span class='ocrx_word' id='word_1_280' title='bbox 1254 2802 1357 2835; x_wconf 85' lang='lat' dir='ltr'><strong>super</strong></span> <span class='ocrx_word' id='word_1_281' title='bbox 1377 2804 1394 2822; x_wconf 94' lang='grc' dir='ltr'>ο</span> <span class='ocrx_word' id='word_1_282' title='bbox 1415 2790 1542 2835; x_wconf 83' lang='lat' dir='ltr'>posito.</span> <span class='ocrx_word' id='word_1_283' title='bbox 1655 2787 1665 2813; x_wconf 71' lang='lat' dir='ltr'><strong>i</strong></span> <span class='ocrx_word' id='word_1_284' title='bbox 1684 2803 1804 2823; x_wconf 82' lang='grc' dir='ltr'>πεντε-</span> 
     </span>
     <span class='ocr_line' id='line_1_35' title="bbox 292 2841 1805 2889; baseline 0.001 -14"><span class='ocrx_word' id='word_1_285' title='bbox 292 2843 626 2889; x_wconf 75' lang='grc' dir='ltr'>καιδεκαταλάντους]</span> <span class='ocrx_word' id='word_1_286' title='bbox 651 2844 750 2877; x_wconf 80' lang='grc' dir='ltr'>πέντε</span> <span class='ocrx_word' id='word_1_287' title='bbox 770 2844 822 2878; x_wconf 73' lang='grc' dir='ltr'>καὶ</span> <span class='ocrx_word' id='word_1_288' title='bbox 842 2844 919 2878; x_wconf 81' lang='grc' dir='ltr'>δέκα</span> <span class='ocrx_word' id='word_1_289' title='bbox 938 2845 1086 2878; x_wconf 86' lang='grc' dir='ltr'>τάλαντα</span> <span class='ocrx_word' id='word_1_290' title='bbox 1105 2843 1183 2878; x_wconf 79' lang='grc' dir='ltr'>τοὺς</span> <span class='ocrx_word' id='word_1_291' title='bbox 1205 2843 1241 2878; x_wconf 85' lang='lat' dir='ltr'>S.</span> <span class='ocrx_word' id='word_1_292' title='bbox 1285 2841 1519 2877; x_wconf 77' lang='grc' dir='ltr'>πεντεκαίδεκα</span> <span class='ocrx_word' id='word_1_293' title='bbox 1548 2843 1698 2877; x_wconf 83' lang='grc' dir='ltr'>τάλαντα</span> <span class='ocrx_word' id='word_1_294' title='bbox 1725 2842 1805 2876; x_wconf 77' lang='grc' dir='ltr'>τοὺς</span> 
     </span>
     <span class='ocr_line' id='line_1_36' title="bbox 291 2897 637 2931; baseline -0.003 0"><span class='ocrx_word' id='word_1_295' title='bbox 291 2897 332 2931; x_wconf 84' lang='grc' dir='ltr'>Β.</span> <span class='ocrx_word' id='word_1_296' title='bbox 351 2903 385 2930; x_wconf 87' lang='lat' dir='ltr'>et</span> <span class='ocrx_word' id='word_1_297' title='bbox 405 2902 579 2931; x_wconf 81' lang='lat' dir='ltr'>correctus</span> <span class='ocrx_word' id='word_1_298' title='bbox 601 2897 637 2931; x_wconf 87' lang='lat' dir='ltr'>F.</span> 
     </span>
    </p>
   </div>
  </div>
 </body>
</html>
