1965 3236
285 148 396 189 1156
802 152 1264 206 [ΔΗΜΟΣΘΕΝΟΎΣ]
1327 152 1411 192 OR.
1430 152 1601 192 XLVI.
1626 167 1668 207 p.
1688 165 1702 191 1
1718 164 1809 204 129,
1826 168 1923 193 23—

243 283 270 318 4
358 266 415 313 Εἷ
455 264 609 314 τοίνυν
646 263 915 331 πρόκλησίν
958 269 1109 332 φησιν
1150 263 1263 315 εῖναι
1304 267 1380 315 καὶ
1422 264 1487 328 μὴ
1528 266 1798 331 μαρτυρίαν,

282 346 365 395 οὐκ
410 348 565 411 ἀληθῆ
611 348 753 413 λε’γει·
814 347 1000 399 ἅπαντα
1042 346 1135 412 γὰρ
1177 348 1270 398 ὅσα
1314 349 1597 415 παρέχονται
1642 353 1704 402 εἰς
1743 349 1797 399 τὸ

279 429 581 496 δικαστήριον
630 431 1005 497 προκαλούμενοι
1052 431 1296 495 ἀλλήλους
1347 436 1389 482 οἱ
1441 433 1675 494 ἀντίδικοι,
1721 431 1855 482 διὰΙΙ
1864 451 1920 491 30

276 515 532 579 μαρτυρίας
582 515 881 582 παρέχονται.
954 515 1006 564 οὐ
1057 513 1150 580 γὰρ
1202 514 1259 565 ἂν
1311 516 1487 578 εἰδείηθ’
1543 517 1666 577 ὑμεῖς
1717 515 1792 565 εἴτ’

275 597 406 646 ἐστὶν
441 599 597 662 ἀληθῆ
624 599 710 649 ε’ίτε
745 600 898 666 ψευδῆ
935 596 965 648 ἅ
999 602 1151 665 φασιν
1186 598 1405 665 ἑκάτεροι,
1439 603 1475 649 εἰ
1512 598 1576 662 μή
1614 622 1683 652 τις
1718 600 1794 648 καὶ

273 677 380 733 τοὺς
415 680 653 748 μάρτυρας
695 682 958 749 παρέχοιτο.
1016 682 1129 732 ὅταν
1168 681 1215 733 δὲ
1251 682 1573 750 παράσχηται,
1613 683 1821 736 τούτοιςὸ

272 764 570 818 πιστεύοντες
623 767 856 819 ὑποδίκοις
902 766 1009 816 οὖσι
1061 766 1366 836 Δψηφίζεσθε
1408 769 1457 818 ἐκ
1507 772 1601 818 τῶν
1645 774 1786 832 λεγο-

269 846 420 908 μένων
459 850 532 898 καὶ
572 849 962 915 μαρτυρουμένων
1002 847 1032 900 ἃ
1070 848 1128 900 ἂν
1169 851 1275 913 ὑμῖν
1316 853 1429 918 δοκῇ
1471 851 1624 901 δίκαια
1662 849 1788 902 εἶναι.

227 930 504 994 5βούλομαι
545 933 700 983 τοίνυν
745 935 820 982 καὶ
864 931 951 996 τὴν
1000 935 1260 1000 μαρτυρίαν
1310 934 1572 1002 ἐξελέγξαι,
1616 933 1686 984 ὅτι
1736 935 1790 984 οὐ

265 1014 531 1081 πρόκλησίς
581 1018 697 1079 ἐστι,
749 1019 824 1067 καὶ
876 1019 937 1071 ὡς
989 1018 1078 1068 ἔδει
1128 1023 1379 1084 μαρτυρεῖν
1430 1017 1610 1080 αὐτοὺς,
1661 1018 1787 1083 ε’ίπερ

264 1099 472 1164 ἐγίγνετο
499 1100 526 1164 ἡ
552 1099 832 1165 πρόκλησις,
862 1103 922 1154 ὡς
948 1102 1030 1151 οὐκ
1056 1102 1280 1166 ἐγίγνετο.
1339 1107 1632 1168 μαρτυροῦσι
1665 1124 1785 1167 παρ-
1802 1125 1839 1146 10

264 1187 376 1232 εῖναι
414 1182 532 1248 πρὸς
569 1187 636 1252 τῷ
671 1187 881 1252 διαιτητῇ
909 1186 1069 1253 Τισίᾳ,
1098 1185 1172 1235 ὅτε
1211 1186 1523 1251 προύκαλεῖτο
1562 1187 1784 1251 Φορμίων

263 1266 635 1333 Ἀπολλόδωρον
662 1270 863 1334 ἀνοίγειν
890 1267 942 1319 τὸ
970 1274 1303 1334 γραμματεῖον,
1331 1269 1355 1320 ὃ
1391 1275 1611 1337 παρεῖχεν
1638 1271 1785 1331 εἰἈμ-

262 1353 373 1417 φίας
415 1353 439 1402 ὁ
484 1356 872 1421 Κηφισοφῶντος
915 1352 1159 1417 κηδεστὴς,
1206 1353 1582 1419 Ἀπολλόδωρον
1624 1357 1663 1404 δ’
1703 1355 1785 1404 οὐκ

221 1452 244 1485 6
261 1435 433 1486 ε’θέλειν
455 1437 671 1502 ἀνοίγειν.
716 1438 836 1488 οὕτω
862 1436 947 1501 μὲν
969 1435 1025 1487 ἂν
1046 1443 1387 1504 μαρτυροῦντες
1415 1436 1602 1488 ἐδόκουν
1624 1439 1781 1502 ἀληθῆ

257 1525 525 1586 μαρτυρεῖν
567 1522 838 1589 ἀντίγραφα
876 1520 923 1572 δὲ
970 1525 1064 1571 τῶν
1110 1523 1344 1585 διαθηκῶν
1389 1526 1483 1571 τῶν
1528 1522 1832 1577 Πασίωνοςι5

258 1611 507 1671 μαρτυρεῖν
566 1603 677 1656 εῖναι
741 1605 799 1656 τὰ
858 1607 906 1656 ε’ν
955 1609 1021 1674 τῷ
1073 1606 1375 1674 γραμματείῳ
1428 1603 1485 1655 s&
1534 1606 1780 1671 παρείχετο

260 1690 493 1754 Φορμίων,
533 1689 648 1753 μήτε
689 1689 1095 1757 παραγενομένους
1133 1690 1288 1758 ἐκείνῳ
1328 1688 1639 1757 διατιθεμένῳ,
1671 1686 1777 1751 μήτ’

258 1773 435 1827 εἰδότας
471 1777 507 1824 εἰ
543 1774 730 1836 διέθετο,
757 1779 858 1827 πῶς
897 1774 978 1824 ἕού
1010 1777 1278 1841 περιφανῶς
1313 1773 1624 1839 ἀναισχυντία
1659 1774 1786 1822 δοκεῖ

260 1858 364 1919 ὑμῖν
391 1855 504 1908 εῖναι
525 1879 537 1918 ;

220 1952 238 1993 7
330 1940 493 1990 Ἀλλὰ
518 1941 612 2004 μὴν
632 1945 669 1992 εἰ
690 1944 813 2009 φησὶ
839 1942 1112 2007 Φορμίωνος
1139 1940 1361 2005 λέγοντος
1387 1940 1626 1991 πιστεύειν
1646 1941 1773 1990 ταῦτ’
1791 1965 1830 1986 20

256 2025 411 2088 ἀληθῆ
451 2023 576 2086 εἶναι,
604 2031 686 2075 τοῦ
713 2026 854 2075 αὐτοῦ
889 2024 1055 2089 ἀνδρός
1095 2026 1198 2073 ἐστι
1232 2023 1471 2074 πιστεύειν
1497 2046 1547 2074 τε
1586 2023 1774 2088 λε’γοντι

255 2107 405 2176 τούτῳ
440 2114 587 2158 ταῦτα
620 2111 695 2158 καὶ
729 2108 963 2159 κελεύοντι
999 2113 1260 2173 μαρτυρεῖν.
1314 2111 1354 2158 οἱ
1390 2108 1444 2158 δέ
1474 2131 1526 2173 γε
1554 2106 1687 2171 νόμοι
1721 2110 1774 2158 οὐ

255 2197 403 2241 ταῦτα
442 2192 680 2257 λέγουσιν,
717 2195 845 2254 ἀλλ’,
873 2190 932 2241 ῂᾶ
968 2190 1025 2241 ἂν
1064 2194 1159 2258 εἰδῇ
1195 2214 1265 2243 τις
1300 2193 1374 2241 καὶ
1411 2190 1476 2244 οῖς
1517 2189 1573 2241 ἂν
1613 2214 1766 2257 παρα-

255 2275 442 2338 γένηται
500 2275 848 2341 πραττομένοις,
899 2281 1047 2325 ταῦτα
1097 2279 1348 2340 μαρτυρεῖν
1400 2276 1674 2325 κελεύουσιν
1724 2278 1772 2324 ἐν

253 2360 555 2428 γραμματείῳ
606 2358 921 2425 γεγραμμένα,
972 2358 1046 2408 ἵνα
1095 2358 1199 2421 μήτ’
1250 2360 1443 2425 ἀφελεῖν
1492 2359 1575 2426 ἐξῇ
1626 2358 1768 2422 μηδὲν
1784 2380 1820 2411 25

217 2441 369 2505 8μήτε
413 2446 690 2507 προσθεῖναι
727 2447 821 2494 τοῖς
856 2442 1208 2507 γεγραμμένοις.
1273 2440 1417 2505 ἀκοὴν
1458 2446 1498 2492 δ’
1535 2444 1617 2492 οὐκ
1655 2444 1769 2493 ἐῶσι

254 2525 423 2590 ζῶντος
448 2531 711 2591 μαρτυρεῖν,
738 2524 871 2575 ἀλλὰ
895 2529 1162 2578 τεθνεῶτος.
1218 2530 1311 2576 τῶν
1338 2525 1385 2575 δὲ
1417 2525 1659 2576 ἀδυνάτων
1693 2530 1768 2577 καὶ

253 2609 519 2673 ὑπερορίων,
547 2609 855 2673 ἐκμαρτυρίαν
881 2608 1208 2673 γεγραμμένην
1245 2611 1293 2658 ἐν
1331 2608 1417 2678 ῑτῴ
1444 2611 1762 2678 γραμματείῳ·

251 2692 326 2739 καὶ
367 2690 460 2741 ἀπὸ
501 2693 583 2754 τῆς
628 2692 768 2754 αὐτῆς
813 2689 1117 2758 ἐπισκήψεως
1158 2691 1244 2755 τήν
1288 2715 1335 2742 τε
1387 2694 1646 2759 μαρτυρίαν
1690 2695 1824 2743 καὶΗ
1834 2711 1883 2751 31

789 2821 814 2837 ΕΗ

304 2842 322 2868 d
351 2846 567 2892 ψηφίζεσθε]
601 2846 799 2891 ψηφίζεσθε
832 2847 869 2880 F.
1008 2853 1022 2871 θ
1052 2846 1200 2892 Ἀμφίας
1229 2860 1350 2894 margo
1377 2849 1421 2887 Q.
1462 2848 1617 2893 Ἀμφίων
1646 2850 1763 2894 vulgo.

249 2895 262 2921 f
280 2898 317 2943 ἃ]
343 2898 360 2931 ὃ
383 2900 555 2933 Reiskius.
668 2906 687 2933 g
707 2900 764 2946 οὐ]
789 2896 848 2933 οὖν
868 2911 920 2944 pr.
945 2900 979 2933 S.
1091 2898 1111 2924 h
1139 2901 1158 2933 ἃ
1180 2913 1247 2936 om.
1271 2915 1322 2946 pr.
1348 2904 1382 2936 S.
1405 2903 1497 2937 unde
1517 2903 1627 2936 crasiu
1650 2902 1689 2936 ἂν
1709 2914 1762 2936 re-

250 2951 361 2984 stituit
386 2953 577 2987 nokkerus.
690 2951 697 2978 ῑ
719 2956 765 2999 τῷ
783 2953 909 2987 delevit
931 2953 1105 2988 Reiskius.
