1965 3236
44 199 201 251 -897,
222 215 247 238 1.
650 204 793 242 ΠΡΟΣ
826 205 1193 243 ΑΠΑΤΟΎῬΙΟΝ.
1595 203 1678 244 929

105 330 156 368 14
170 313 310 380 αὐτῷ.
366 311 458 377 ε’γῶ
499 312 546 363 δὲ
597 313 679 363 τὸν
722 313 1033 364 1(πιστεύοντα
1075 316 1258 382 ἐμαυτῷ
1298 313 1512 381 τοσούτῳ
1560 316 1678 381 ε”φην

166 394 307 458 ἧττον
345 394 403 446 ἂν
439 399 668 461 περιιδεῖν,
708 396 810 465 ὅσῳ
846 397 1002 465 φυγὰς
1039 396 1104 447 ῶν
1142 400 1218 447 καὶ
1260 398 1446 463 ἀτυχῶν
1481 397 1678 459 ἠδικεῖτο

1247 479 1429 530 1πᾶσαν
1455 479 1671 545 ἀπέχθει-

165 477 255 528 ὑπὸ
288 478 467 531 τούτου.
524 479 680 530 πάντα
718 481 766 531 δὲ
803 480 1007 544 ποιήσας
1041 483 1117 530 καὶ
1152 485 1213 533 εἷς

165 584 222 611 αν
248 561 397 630 τούτῳ
422 562 573 613 ἐλθὼν
598 563 737 627 μόλις
775 564 1035 632 εἷσεῆτραξα
1070 562 1124 613 τὸ
1157 562 1391 629 ἀργύριον,
1419 562 1676 627 πραθείσης
1691 583 1706 609 3

108 665 150 704 15
166 648 248 706 τῆς
286 646 396 699 νεώς
434 646 775 713 τετταράκοντα
800 652 944 711 μνῶν,
971 647 1178 712 ὅσουπερ
1204 647 1231 709 ἡ
1258 645 1387 699 θέσις
1424 644 1495 708 ἦν.
1555 646 1675 694 ἀπο-

167 731 395 780 δοθεισῶν
433 730 482 780 δὲ
519 735 613 781 τῶν
647 730 896 797 τριάκοντα
930 736 1059 794 μνῶν
1101 733 1175 781 ἐπὶ
1215 729 1302 793 τὴν
1337 729 1567 795 τράπεζαν
1605 730 1681 778 καὶ
1738 764 1746 771 -

166 818 260 864 τῶν
285 813 394 864 δέκα
421 821 450 840 ¹¹¹
462 819 592 878 μνῶν
627 819 693 884 τῷ
733 816 1041 882 Παρμένοντι,
1077 816 1283 865 ἐναντίον
1317 818 1517 865 πολλῶν
1550 835 1674 878 μαρ-

166 896 318 962 τύρων
356 897 439 951 τάς
477 921 526 948 τε
561 898 848 966 συγγραφὰς
884 898 1175 961 ἀνειλόμεθα,
1211 899 1310 948 καθ’
1341 895 1394 950 ἂς
1433 897 1732 960 ἐδανείσθη10

166 979 225 1030 τὰ
251 980 483 1046 χρήματα,
511 984 585 1032 καὶ
626 987 717 1032 τῶν
750 982 1169 1047 συναλλαγμάτων
1195 984 1390 1049 ἀφεῖμεν
1416 982 1490 1030 καὶ
1516 982 1673 1043 ἀπηλ-

166 1063 381 1132 λάξαμεν
404 1064 661 1128 ἀλλήλους,
688 1065 812 1115 ὥστε
841 1066 956 1129 μήτε
997 1065 1146 1133 τούτῳ
1184 1064 1302 1130 πρὸς
1336 1064 1414 1127 ἐμὲ
1448 1063 1552 1127 μήτ’
1581 1064 1680 1126 ἐμοὶ

164 1147 282 1214 πρὸς
326 1154 492 1199 τοῦτον
531 1154 712 1215 πρᾶγμ’
754 1149 866 1200 εἶναι
906 1149 1064 1213 μηδέν.
1134 1150 1208 1197 καὶ
1248 1150 1308 1200 ὡς
1349 1150 1503 1210 ἀληθῆ
1540 1146 1680 1211 λε’γω,

166 1231 398 1282 ἀκούσατε
424 1237 518 1283 τῶν
543 1238 821 1299 μαρτυριῶν.

762 1343 1089 1384 ΜΑΡΤΥΡΙΑῘ.

105 1427 155 1466 16
246 1413 385 1465 Μετὰ
410 1420 557 1465 ταῦτα
595 1416 749 1466 τοίνυν
785 1417 883 1479 ἐμοὶ
918 1415 1002 1478 μὲν
1037 1416 1140 1465 οὕτε
1174 1413 1327 1479 μεῖζον
1359 1414 1454 1463 οὔτ’
1483 1412 1731 1462 ἔλαττονῐὸ

166 1495 284 1563 πρὸς
310 1497 451 1548 αὐτὸν
478 1498 805 1561 Πσυμβόλαιον
830 1498 1035 1564 γέγονεν·
1079 1498 1103 1547 ὁ
1143 1497 1189 1548 δὲ
1227 1496 1490 1562 Παρμένων
1525 1493 1676 1545 ἐδικά-

167 1580 268 1646 ζετο
306 1580 455 1650 τούτῳ
494 1586 588 1632 τῶν
631 1605 680 1632 τε
715 1587 916 1647 πληγῶν
951 1581 1015 1633 ῶν
1049 1582 1225 1642 ἔλαβεν
1266 1580 1355 1631 ὑπὸ
1393 1580 1572 1641 τούτου,
1607 1577 1682 1627 ὅτε

165 1669 260 1715 τῶν
298 1665 478 1715 παίδων
514 1665 811 1733 ἐξαγομένων
849 1666 1121 1727 ἐπελάβετο,
1158 1667 1233 1715 καὶ
1269 1664 1338 1714 ὅτι
1374 1669 1456 1714 τοῦ
1497 1667 1557 1715 εἷς
1594 1666 1676 1712 Σι-

167 1749 328 1798 κελίαν
359 1754 485 1799 πλοῦ
513 1748 588 1798 διὰ
613 1754 778 1799 τοῦτον
814 1749 1128 1812 κατεκωλύθη.
1186 1748 1482 1811 ἐνεστηκυίας
1517 1745 1564 1796 δὲ
1599 1748 1680 1809 τῆς
1696 1766 1735 1787 ²0

167 1832 295 1895 δίκης
321 1832 514 1882 δίδωσιν
541 1833 565 1882 ὁ
594 1832 856 1898 Παρμένων
877 1831 1015 1898 ὅρκον
1040 1831 1190 1901 τούτῳ
1217 1831 1325 1896 περί
1345 1853 1484 1881 τινων
1511 1831 1683 1894 ἐγκλη-

168 1913 345 1978 μάτων.
407 1917 482 1965 καὶ
524 1915 656 1968 οὗτος
700 1915 904 1984 ἐδέξατο,
943 1914 1283 1978 ἐπιδιαθέμενος
1327 1912 1562 1979 ἀργύριον,
1605 1911 1684 1961 ἐὰν

168 1999 232 2063 μὴ
259 1998 414 2067 ὀμόσῃ
451 1998 533 2051 τὸν
559 2000 711 2066 ὅρκον.
774 2001 848 2050 καὶ
876 1999 945 2050 ὅτι
972 2001 1127 2062 ἀληθῆ
1163 1997 1301 2063 λε’γω,
1328 1996 1456 2056 λαβέ
1483 2019 1563 2060 μοι
1599 1995 1685 2058 τὴν

168 2084 438 2149 μαρτυρίαν.

769 2171 1072 2211 MAPTTPIA.
1695 2187 1733 2215 25

109 2276 153 2319 17
244 2253 510 2322 Δεξάμενος
554 2255 708 2305 τοίνυν
746 2253 829 2305 τὸν
868 2254 1018 2319 ὅρκον,
1059 2252 1187 2306 εἱδῶς
1235 2253 1304 2302 ὅτι
1341 2253 1518 2303 πολλοὶ
1559 2252 1683 2319 αὐτῷ

170 2339 495 2388 Οσυνείσονται
530 2337 877 2403 ἐπιορκήσαντι,
904 2339 978 2387 ἐπὶ
1003 2335 1087 2399 μὲν
1112 2336 1193 2386 prb
1220 2334 1393 2399 ὀμόσαι
1420 2336 1501 2384 οὐκ
1527 2333 1677 2397 ἀπήν-

168 2444 240 2483 τα,
268 2424 330 2474 ὡς
365 2420 413 2472 δὲ
442 2423 544 2489 δίκῃ
580 2421 746 2472 λύσων
782 2420 864 2471 τὸν
899 2420 1037 2487 ὅρκον
1062 2424 1403 2486 προσκαλεῖται
1441 2417 1523 2468 τὸν
1551 2421 1682 2482 Παρ-

167 2506 380 2568 μένοντα.
436 2507 744 2569 ἐνεστηκυιῶν
770 2506 807 2555 δ’
837 2505 991 2557 αὐτοῖς
1014 2508 1108 2554 τῶν
1134 2506 1274 2553 δικῶν
1299 2501 1566 2554 πεισθέντες
1594 2500 1683 2551 ὑπὸ

169 2593 262 2639 τῶν
311 2588 558 2654 παρόντων
607 2593 669 2642 εἰς
711 2587 965 2654 ἐπιτροπὴν
1016 2587 1244 2653 ἔρχονται,
1290 2587 1365 2637 καὶ
1410 2584 1683 2652 γράψαντες
1698 2596 1776 2648 897

1212 2743 1230 2762 α

224 2762 243 2789 k
263 2764 471 2799 πιστεύοντα
492 2766 528 2800 S.
561 2767 760 2812 Legebatur
779 2765 1025 2800 πιστεύσαντα.
1055 2764 1291 2800 πιστεύσοντα
1310 2765 1350 2799 F.
1382 2761 1614 2798 πιστεύσοντα
1634 2760 1679 2798 Q-

170 2815 180 2845 Ῑ
200 2820 315 2852 πᾶσαν
336 2818 374 2854 S.
403 2817 539 2852 ἅπασαν
558 2820 674 2864 vulgo.
804 2824 835 2843 m
853 2822 945 2862 μνῶν
965 2831 1033 2853 om.
1054 2820 1128 2853 Α.1“.
1254 2825 1273 2843 ¹¹
1294 2814 1522 2861 συμβόλαιον]
1547 2814 1679 2856 σύμβο-

168 2873 232 2905 λον
252 2883 280 2904 r.
418 2876 436 2895 0
456 2871 673 2905 συνείσονται
692 2871 949 2917 ἐπιορκήσαντι]
974 2871 1182 2915 συνήσονται
1204 2871 1417 2914 (συνίσονται
1438 2870 1479 2902 A.
1502 2868 1602 2901 litera
1628 2881 1637 2899 ι
1661 2880 1680 2899 a

171 2931 364 2957 correctore
384 2924 512 2968 posita)
543 2924 779 2969 ἐπιορκήσαντι
799 2925 870 2958 Am.
998 2930 1017 2957 P
1038 2925 1096 2970 τὸ]
1120 2927 1180 2957 τοῦ
1202 2926 1272 2958 A.r.

888 2998 966 3027 212
