1965 3236
52 218 302 253 —1011,10·.
448 210 588 247 ΠΡΟΣ
622 211 865 248 ΒΟΙΩΤΟΝ
903 211 1025 247 llEPl
1063 210 1239 246 ΠΡΟΙΚ.
1276 210 1411 246 MHT.
1580 206 1682 244 1041

138 319 286 381 9ἐμὸν
312 326 448 369 τοῦτο
477 321 630 385 λέγειν
653 323 768 370 ἐστί.
830 323 903 370 καὶ
937 322 1082 372 οὕτως
1122 320 1174 369 οὑ
1208 319 1363 369 πάντα
1398 316 1485 382 ἆγε
1513 317 1568 381 ἧν
1597 318 1686 367 ὑπὸ

174 405 256 465 τῆς
294 405 534 466 ἐπιθυμίας
572 405 921 469 κεκρατημένος,
954 403 1066 453 ὥστ’
1097 402 1198 453 οὐδὲ
1238 405 1353 465 Ετῆς
1391 399 1565 467 μητρὸς
1603 404 1685 464 τῆς

173 487 283 549 ἐμῆς
327 489 659 551 ἀποθανούσης
701 489 904 556 ἠξίωσεν
946 487 1088 551 αὐτὴν
1136 491 1196 540 εἰς
1246 485 1332 550 τὴν
1383 487 1528 536 οὶκίαν
1573 487 1681 551 παρ’

173 568 364 619 ῑὲαυτὸν
402 571 717 639 εἰσδέξασθαι,
755 571 858 621 οὐδὲ
892 571 1095 631 τούτους,
1132 572 1194 622 ὡς
1233 573 1338 622 υἱεῖς
1377 572 1496 618 εἰσὶν
1530 571 1684 629 αὑτοῦ,
1701 591 1741 612 20

172 657 434 716 πεισθῆναι·
475 654 606 704 ἀλλὰ
632 655 713 705 τὸν
741 654 824 717 μὲν
851 655 1005 704 ἄλλον
1039 653 1209 720 χρόνον
1244 653 1368 703 οὗτοι
1408 655 1570 717 διῆγον
1604 653 1687 702 οὐκ
1732 676 1740 682 ·

173 736 298 790 ὄντες
345 739 552 800 ’τούμοῦ
590 738 781 804 πατρὸς,
816 740 877 790 ὡς
919 740 992 787 καὶ
1040 740 1167 800 ὑμῶν
1208 740 1249 786 οἱ
1289 738 1466 787 πολλοὶ
1505 736 1684 796 ἴσασιν,

171 820 325 884 ἐπειδη
365 823 401 870 δ’
445 821 632 871 11οὑτοσι
666 823 881 890 αυξηθεις
919 846 994 872 και
1031 821 1155 884 ἱμεθ
1189 824 1332 872 αὑτοῦ
1371 820 1678 886 1(παρασκευ-

170 927 405 965 ασαμενος
430 905 742 971 ἐργαστήριον
767 910 1095 973 συκοφαντῶν,
1117 903 1180 955 ὡν
1201 903 1387 970 ηγεμὼν
1413 903 1469 966 ἧν
1492 909 1682 967 Μνησι-
1698 927 1736 957 ²5

169 991 285 1050 κλῆς
312 987 412 1038 1καὶ
440 991 687 1051 Μενεκλῆς
725 991 892 1042 ἐκεῖνος
926 991 951 1039 ὁ
989 989 1075 1051 τὴν
1108 990 1294 1039 111Νίνον
1328 987 1463 1050 ἑλὼν,
1489 992 1590 1050 μεθ’
1619 986 1684 1038 ὧν

169 1070 303 1123 οὗτος
340 1071 568 1137 ἐδικάζετό
603 1079 622 1097 “
640 1095 730 1134 μου
767 1075 832 1140 τῷ
865 1073 1006 1137 πατρὶ
1046 1072 1248 1138 φάσκων
1282 1069 1376 1124 υἱὸς
1414 1069 1526 1120 εἶναι
1565 1071 1678 1120 ἐκεί-

107 1173 265 1204 ]ονου.
329 1155 542 1206 συνόδων
568 1155 651 1206 Οδὲ
679 1156 967 1220 γιγνομένων
1000 1159 1200 1205 πολλῶν
1237 1153 1351 1220 ὑπὲρ
1391 1154 1582 1216 τούτων,
1608 1157 1684 1204 καὶ

168 1243 250 1287 τοῦ
288 1237 465 1304 πατρὸς
500 1241 582 1289 οὐκ
617 1237 673 1288 ἂν
700 1238 971 1306 φάσκοντος
1007 1242 1258 1300 πεισθῆναι
1293 1241 1354 1291 ὡς
1390 1238 1514 1288 οὗτοι
1540 1236 1678 1304 γεγό-
1702 1257 1803 1284 1011

168 1344 306 1371 νασιν
348 1322 403 1389 ἐξ
439 1324 593 1384 αὐτοῦ,
639 1327 910 1373 τελευτῶσα
950 1324 978 1386 ἡ
1026 1322 1285 1388 Πλαγγὼν,
1326 1319 1362 1372 ὦ
1404 1323 1567 1388 ἄνδρες
1609 1325 1681 1372 δι-

167 1407 353 1466 κασταὶ,
421 1405 596 1468 (πάντα
659 1406 753 1472 γὰρ
816 1406 1048 1472 εἰρήσεται
1113 1409 1297 1470 τάληθῆ
1360 1405 1478 1472 πρὸς
1543 1408 1680 1475 ὑμᾶς)

166 1489 310 1551 Ρμετοὶ
341 1496 423 1540 τοῦ
457 1491 752 1544 Μενεκλέους
790 1492 1105 1556 ἐνεδρεύσασα
1144 1491 1226 1541 τὸν
1267 1490 1446 1556 πατέρα
1481 1514 1572 1554 μου
1608 1492 1683 1540 καὶ

166 1574 515 1642 ἐξαπατήσασα
558 1574 681 1643 ὅρκῳ
733 1574 781 1628 ’ὸς
832 1576 1056 1640 μέγιστος
1113 1577 1240 1624 δοκεῖ
1298 1576 1373 1624 καὶ
1423 1573 1712 1628 δεινότατος5

104 1657 294 1723 ιιπαρά
327 1663 477 1708 πᾶσιν
511 1658 773 1724 ἀνθρώποις
811 1656 937 1720 εἶναι,
965 1658 1248 1723 ὡμολόγησε
1286 1656 1534 1724 τριάκοντα
1565 1663 1683 1720 μνᾶς

167 1746 391 1800 λαβοῦσα
436 1740 626 1794 τούτους
670 1741 754 1804 μὲν
799 1746 895 1794 τοῖς
940 1744 1081 1805 αὐτῆς
1124 1744 1347 1809 ἀδελφοῖς
1391 1741 1682 1805 εἰσποιήσειν

167 1827 286 1883 υἱεῖς,
312 1823 428 1886 αντη
467 1825 520 1885 δ’,
558 1823 614 1875 ἂν
649 1848 766 1890 προς
800 1830 867 1894 τῷ
903 1829 1112 1892 διαιτητῇ
1145 1828 1441 1891 προκαλῆται
1478 1825 1621 1889 αὐτὴν
1657 1827 1682 1875 ὁ

165 1905 321 1970 πατήρ
353 1928 444 1967 μου
478 1906 652 1967 ὀμόσαι
687 1906 715 1970 ἦ
751 1906 844 1970 μὴν
878 1930 986 1960 τους
1018 1911 1186 1960 παῖδας
1226 1908 1283 1975 ἐξ
1311 1909 1453 1958 αὑτοῦ
1486 1906 1678 1972 γεγονέ-
1699 1928 1736 1949 ¹0

165 2011 252 2049 ναι,
281 1990 360 2038 Ἷού
394 1989 614 2057 δεξεσθαι
653 2013 738 2053 την
772 1990 1056 2056 πρόκλησιν·
1099 1991 1277 2041 τούτων
1306 1990 1395 2056 γὰρ
1420 1990 1682 2056 γενομένων

165 2073 267 2122 οὔτε
307 2072 496 2125 τούτους
524 2072 942 2138 ἀποστερήσεσθαι
980 2077 1062 2137 τῆς
1093 2081 1108 2099 ¹'
1124 2074 1320 2136 πόλεως,
1347 2079 1412 2142 τῷ
1450 2096 1499 2124 τε
1537 2074 1685 2139 πατρί

162 2179 253 2217 μου
296 2157 446 2205 οὐκέτι
488 2156 779 2219 δυνήσεσθαι
819 2156 984 2210 αὐτοὺς
1034 2158 1293 2223 πράγματα
1335 2158 1554 2224 παρέχειν
1597 2160 1680 2221 τῆς

99 2237 338 2304 ημητρὸς
364 2241 516 2288 αὐτῶν
543 2240 596 2288 οὐ
623 2246 637 2264 ⁵
655 2239 908 2307 δεξαμένης
945 2239 1027 2290 τὸν
1061 2241 1216 2305 ὅρκον.
1274 2241 1679 2307 συγχωρηθέντων

163 2322 210 2373 δὲ
236 2322 413 2372 τούτων
439 2323 487 2372 τί
508 2323 566 2372 ἂν
592 2324 698 2385 ὑμῖν
723 2324 1072 2387 μακρολογοίην
1096 2346 1107 2385 3
1155 2326 1216 2377 ὡς
1241 2323 1334 2389 γὰρ
1360 2323 1477 2389 πρὸς
1503 2323 1585 2373 τὸν
1612 2327 1672 2374 δι-
1694 2344 1728 2375 15

162 2405 353 2469 αιτητὴν
398 2406 656 2469 ἀπήντησε,
700 2410 965 2472 παραβᾶσα
1006 2405 1191 2456 ἵπάντα
1235 2405 1294 2456 τὰ
1336 2406 1678 2471 ὡμολογημένα

215 2574 232 2600 d
253 2576 308 2622 γε]
332 2591 367 2609 τε
390 2577 428 2609 F.
531 2581 547 2600 e
566 2577 625 2619 τῆς
643 2578 769 2621 μητρὸς
788 2579 846 2620 τῆς
866 2578 945 2620 ἐμῆς
967 2578 1003 2612 S.
1034 2579 1093 2621 τῆς
1113 2579 1192 2621 ε’μῆς
1211 2579 1336 2623 μητρὸς
1356 2579 1473 2623 vulgo.
1569 2574 1583 2601 f
1601 2578 1675 2611 ἑαυ-

160 2631 219 2663 τὸν
242 2630 276 2662 S.
308 2629 409 2662 αὑτὸν
428 2629 546 2673 vulgo.
691 2636 712 2662 g
731 2631 873 2677 τούμοῦ]
899 2633 960 2664 τοῦ
980 2631 1060 2673 ἐμοῦ
1082 2632 1117 2664 S.
1266 2628 1283 2654 ¹¹
1305 2631 1444 2676 οὑτωσὶ]
1469 2629 1567 2665 οὗτος
1589 2630 1675 2668 S.Q.

160 2680 168 2706 i
188 2681 261 2725 μεθ’
282 2682 386 2715 αὑτοῦ
408 2682 601 2715 Bekkerm.
631 2687 798 2725 μεταυτοῦ
819 2685 853 2717 S.
884 2683 957 2727 μεθ’
978 2685 1099 2717 ἑαυτοῦ
1119 2684 1236 2729 vulgo,
1374 2682 1390 2705 k
1411 2683 1675 2727 παρασκευασά-

158 2734 273 2779 μενος]
298 2736 616 2778 παρεσκευασμένος
637 2735 728 2773 F.Q.
842 2734 848 2756 ¹
869 2738 920 2769 καὶ
942 2738 1114 2779 Μενεκλῆς
1133 2737 1168 2770 in
1188 2752 1243 2782 γρ.
1268 2736 1358 2775 F.Q.
1472 2741 1500 2760 m
1522 2735 1612 2768 νίνον
1631 2736 1672 2768 Λ.

159 2788 383 2821 Scribebatm-
403 2788 516 2820 Νῖνον.
647 2793 665 2810 ¹¹
686 2802 750 2831 μου
770 2800 840 2822 om.
863 2790 938 2822 A.r.
1076 2795 1094 2813 0
1115 2790 1150 2822 δέ
1171 2802 1239 2823 0111.
1262 2790 1334 2823 A.1·.
1471 2794 1489 2820 P
1508 2788 1592 2830 μετὰ
1612 2790 1673 2821 τοῦ

157 2847 240 2875 Μεν.
261 2839 509 2884 ἐνεδρεύσασα]
532 2838 760 2883 ἐνεδρεύσασα
779 2842 863 2883 μετὰ
882 2844 942 2875 τοῦ
961 2857 1035 2885 μεν.
1058 2842 1147 2880 F.Q.
1283 2849 1302 2876 ‘1
1323 2842 1362 2874 οὐ
1383 2840 1539 2884 δέξεσθαι
1563 2840 1597 2872 S.
1632 2840 1671 2873 οὗ

155 2893 318 2937 δέξασθαι
336 2894 409 2925 A.r.
439 2892 483 2934 μὴ
504 2892 667 2934 δέξασθαι
689 2893 774 2931 RQ.
808 2893 1006 2938 Legebatur
1025 2895 1069 2937 μὴ
1085 2895 1256 2938 δέξεσθαι.
1368 2899 1383 2917 Γ
1401 2891 1550 2936 πόλεως]
1572 2894 1669 2925 πολι-

156 2945 244 2980 τείας
265 2946 300 2979 S.
322 2951 356 2978 et
371 2959 425 2990 γρ.
449 2944 537 2982 F.Q.
634 2950 648 2968 ⁵
669 2945 865 2991 δεξαμένης]
889 2947 1166 2991 προσδεξαμένης
1186 2947 1272 2984 FQ.
1359 2945 1372 2969 t
1391 2945 1516 2989 πάντα]
1541 2944 1671 2978 ἅπαντα

157 2999 184 3031 F
189 2999 233 3037 ,Q
289 2998 329 3031 In
352 2998 385 3031 S.
407 2995 713 3041 παραβασᾶπαντα,
735 2999 935 3032 accentibus
949 2998 963 3011 ‘'
983 3000 1100 3034 erasis.

858 3072 967 3098 (302
