1965 3236
217 156 326 196 1152
749 161 1175 199 ΔΗΜΟΣΘΕΝΟΎΣ
1294 158 1373 197 On.
1396 157 1537 197 XLV.
1559 171 1597 212 p.
1622 168 1741 211 1125,
1763 174 1859 197 11—-

214 266 376 335 ὤσπερ
420 270 498 332 σὺ,
538 272 870 335 μεμίσθωμαι;
926 272 1091 339 δεῖξον.
1154 270 1258 320 τίνα
1307 272 1390 333 τῆς
1439 268 1637 331 πόλεως,
1678 269 1732 333 ἧς

214 353 353 407 αὐτὸς
391 354 610 422 ἠξιώθην,
651 359 726 406 καὶ
766 359 848 419 τῆς
882 357 930 405 ἐν
965 357 1082 422 αὐτῇ
1118 355 1386 421 παρρησίας
1421 353 1731 420 ἀπεστέρηκα,

213 434 376 503 ὥσπερ
415 438 478 488 σὺ
519 445 685 490 τοῦτον
727 438 780 489 ὃν
814 437 1152 506 κατῄσχυνας;
1196 439 1320 491 τίνος
1365 442 1563 503 γυναῖκα
1603 437 1733 505 διέφ-

214 523 379 584 θαρκα,
421 521 585 588 ὥσπερ
629 522 694 572 σὺ
735 521 855 588 πρὸς
905 526 1112 576 πολλαῖς
1157 521 1330 574 ἄλλαις
1374 520 1562 584 ταύτην,
1603 518 1632 587 ᾗ
1677 519 1731 571 τὸ

212 605 374 667 μνῆμα
401 605 705 672 ᾠκοδόμησεν
732 607 756 656 ὁ
785 609 905 659 θεοῖς
932 604 1098 672 ἐχθρὸς
1129 605 1262 659 οὗτος
1296 606 1507 668 πλησίον
1532 610 1615 655 τοῦ
1648 607 1730 668 τῆς
1746 628 1780 658 15

213 689 476 751 δεσποίνης,
517 688 771 753 ἀνηλωκὼς
821 689 970 740 πλέον
1020 687 1049 752 ἢ
1099 689 1313 740 τάλαντα
1363 689 1479 748 δύος
1524 691 1599 739 καὶ
1649 689 1731 738 οὐκ

211 769 446 835 ᾐσθάνετο
474 771 544 822 ὅτι
571 773 672 839 οὐχὶ
698 777 781 822 τοῦ
815 771 970 840 τάφου
996 777 1218 837 μνημεῖον
1243 772 1377 823 ἔσται
1402 771 1455 822 τὸ
1480 770 1727 835 οἰκοδόμη-

209 875 276 914 μα
311 860 522 905 τοιοῦτον
548 853 615 918 ὃν,
642 855 772 906 ἀλλὰ
798 859 880 920 τῆς
908 856 1086 909 ἀδικίας
1126 856 1179 919 ἧς
1216 855 1299 906 τὸν
1334 856 1482 921 ἄνδρα
1515 855 1731 919 ἠδίκηκεν

143 959 194 1001 97
210 937 356 1001 ἐκείνη
403 938 478 988 διὰ
522 945 703 991 τοῦτον.
761 939 858 990 εἶτα
902 946 1095 990 τοιαῦτα
1138 944 1286 990 ποιῶν
1325 942 1399 990 καὶ
1444 938 1728 1003 τηλικαύτας

206 1023 463 1088 μαρτυρίας
514 1023 799 1091 ἐξενηνοχὼς
844 1027 927 1086 τῆς
972 1026 1149 1089 ὕβρεως
1193 1025 1276 1086 τῆς
1316 1029 1496 1074 σαυτοῦ
1538 1023 1601 1072 σὺ
1643 1021 1726 1072 τὸν
1740 1046 1781 1066 20

208 1105 392 1157 hdmov
433 1130 515 1157 του
560 1109 666 1168 βίον
706 1107 933 1176 ἐξετάζειν
975 1111 1190 1176 τολμᾷςς
1231 1109 1330 1170 μεθ’
1368 1106 1542 1173 ἡμέραν
1583 1104 1623 1156 εἶ
1662 1106 1727 1156 σὺ

206 1190 432 1258 σώφρων,
471 1189 556 1254 τὴν
595 1190 644 1241 δὲ
678 1191 833 1253 νύκτα,
870 1193 944 1259 ἐφ’
985 1189 1052 1244 οἷς
1094 1190 1292 1244 θάνατος
1328 1191 1356 1254 ἡ
1398 1191 1549 1256 ζημία,
1580 1195 1726 1240 ταῦτα

204 1278 363 1326 ποιεῖς.
416 1274 633 1339 πονηρὸς,
660 1272 697 1324 ὦ
724 1275 887 1340 ἄνδρες
918 1276 1174 1338 Ἀθηναῖοι,
1200 1273 1404 1340 πονηρὸς
1438 1273 1571 1326 οὗτος
1598 1274 1722 1323 ἄνω-

205 1360 285 1406 θεν
328 1358 376 1407 ἐκ
422 1363 505 1408 τοῦ
546 1359 759 1409 ἀνακείου
804 1358 1024 1412 ἰκοῖδικος.
1090 1364 1286 1422 σημεῖον
1331 1359 1397 1408 δέ·
1439 1362 1476 1408 εἰ
1524 1357 1618 1423 γὰρ
1668 1355 1726 1420 ἧν

204 1440 389 1501 δίκαιος,
416 1439 557 1504 πένης
590 1440 646 1491 ἂν
682 1440 740 1505 ἧν
773 1441 832 1492 τὰ
867 1448 949 1492 τοῦ
987 1440 1221 1493 δεσπότου
1254 1441 1505 1504 διοικήσας.
1562 1446 1643 1491 νῦν
1676 1439 1725 1490 δὲ
1738 1465 1775 1496 25

204 1523 447 1574 τοσούτων
491 1524 746 1591 χρημάτων
788 1524 843 1575 τὸ
884 1528 1068 1588 πλῆθος
1107 1526 1262 1591 κύριος
1307 1523 1562 1586 καταστὰς,
1601 1523 1725 1573 ὥστε

203 1611 415 1656 τοσαῦτα
459 1612 621 1658 λαθεῖν
666 1610 744 1660 ἀπ’
793 1610 947 1659 αὐτῶν
992 1608 1178 1677 κλέψας
1229 1609 1324 1659 ὅσα
1365 1614 1447 1658 νῦν
1497 1607 1724 1671 κέκτηται,

136 1702 188 1756 98
205 1689 286 1738 οὐκ
327 1690 533 1757 ὀφείλειν
571 1697 732 1752 ταῦτα,
770 1691 901 1742 ἀλλὰ
936 1696 1135 1760 πατρῴα
1173 1692 1292 1759 ἔχειν
1332 1692 1522 1757 ἡγεῖται.
1575 1691 1722 1740 καίτοι

203 1771 322 1837 πρὸς
348 1777 479 1835 θεῶν,
507 1778 544 1823 εἷ
571 1775 781 1839 κλέπτην
808 1798 866 1826 σε
892 1778 1078 1841 ἀπῆγον
1105 1778 1167 1829 ὡς
1202 1777 1269 1827 ἐπ’
1298 1775 1559 1843 αὐτοφώρῳ
1589 1778 1715 1838 εἱλη-
1741 1789 1846 1828 1126

203 1854 318 1921 φὼς,
346 1855 431 1918 τὴν
458 1857 624 1907 οὐσίαν
660 1856 718 1920 ἢν
753 1859 883 1925 ἔχεις,
910 1859 952 1909 ε’ί
985 1882 1085 1911 πως
1125 1858 1221 1909 οἶόν
1256 1863 1298 1909 τ’
1326 1858 1397 1922 ἦν,
1423 1860 1591 1911 ἐπιθείς
1628 1881 1720 1919 σοι,

201 1936 299 1988 εἶτά
335 1961 392 1988 σε
432 1940 604 2007 ἠξίουν,
640 1944 675 1990 εἰ
712 1940 776 2004 μὴ
813 1940 908 2009 φῂς
948 1942 1243 2009 ὑφῃρημένος
1280 1943 1408 1992 ταῦτ’
1436 1942 1568 2008 ἔχειν,
1603 1941 1716 1991 ἀνά-

200 2043 300 2085 γειν
345 2020 451 2072 ὅθεν
492 2022 705 2091 ε’ίληφας,
747 2022 835 2077 1(εἷς
881 2025 984 2074 τίνα
1028 2023 1085 2074 ἂν
1131 2024 1249 2074 αὐτὰ
1293 2024 1558 2089 ἀνήγαγες,
1615 2025 1718 2074 οὔτε

199 2103 292 2169 γάρ
318 2127 397 2154 σοι
435 2105 593 2171 πατὴρ
627 2107 906 2172 παρέδωκεν,
939 2109 1033 2158 οὔθ’
1059 2108 1198 2173 εὗρες,
1225 2109 1329 2158 οὔτε
1368 2107 1535 2168 λαβών
1573 2111 1745 2160 ποθεν5

131 2200 184 2240 99
200 2187 408 2238 ἄλλοθεν
445 2186 587 2251 ἦλθες
626 2191 687 2242 ὡς
726 2190 861 2252 ἡμᾶς·
903 2189 1148 2257 βάρβαρος
1181 2190 1275 2257 γὰρ
1312 2190 1530 2255 ἐωνήθης.
1573 2189 1653 2241 εἶθ’
1682 2190 1718 2259 ᾧ

199 2270 406 2338 δημοσίᾳ
444 2275 683 2336 προσῆκεν
709 2274 783 2323 ἐπὶ
809 2278 904 2326 τοῖς
943 2273 1268 2339 εἰργασμένοις
1301 2273 1532 2336 τεθνάναι,
1561 2273 1637 2336 σὺ,
1664 2274 1718 2324 τὸ

198 2357 341 2416 σῶμα
376 2354 604 2408 σεσωκὼς
642 2358 717 2406 καὶ
754 2355 898 2407 πόλιν
933 2358 982 2407 ἐκ
1018 2361 1112 2407 τῶν
1148 2357 1382 2423 ἡμετέρων
1407 2361 1570 2425 σαυτῷ
1606 2380 1716 2421 κτη-

1199 2439 1415 2490 ισεαυτοῦ
1460 2440 1711 2494 δεσπόταις
1729 2466 1766 2487 10

197 2435 401 2500 σάμενος
453 2439 527 2487 καὶ
570 2440 739 2492 παῖδας
780 2439 1016 2506 ἀδελφοὺς
1059 2445 1154 2493 τοῖς

197 2518 410 2586 ἀξιωθεὶς
447 2519 757 2583 ποιήσασθαι,
796 2521 1096 2589 παρεγράψω
1133 2521 1199 2585 μὴ
1241 2523 1560 2588 εἰσαγώγιμον
1599 2522 1712 2574 εἶναι

102 2623 183 2651 100
197 2600 281 2664 τὴν
319 2603 450 2666 δίκην
481 2607 575 2653 τῶν
611 2605 969 2668 ἐγκαλουμένων
1001 2605 1256 2671 χρημάτων
1294 2608 1375 2675 ὑφ’
1412 2607 1573 2670 ἡμῶνς
1615 2606 1711 2658 εἶτα

194 2689 346 2738 κακῶς
387 2686 508 2748 ἡμᾶς
552 2685 725 2752 ἔλεγες,
769 2690 843 2738 καὶ
888 2686 970 2738 τὸν
1012 2688 1233 2753 ἡμέτερον
1276 2690 1455 2755 πατέρα
1500 2689 1712 2758 ἐξήταζες

196 2766 328 2821 ὅστις
366 2766 456 2830 ἧν;
502 2770 574 2836 ἐφ’
605 2769 670 2822 οἷς
704 2771 772 2823 τίς
811 2771 893 2820 οὐκ
928 2770 998 2833 ἂν,
1024 2770 1060 2821 ὦ
1086 2772 1248 2838 ἄνδρες
1276 2777 1530 2837 Ἀθηναῖοι,
1556 2781 1705 2841 χαλε-

246 2887 265 2913 h
285 2890 395 2923 ἄλλον
415 2905 474 2924 του
497 2891 530 2925 S.
553 2899 586 2926 et
606 2907 660 2937 γρ.
683 2892 726 2931 Q.
757 2892 867 2926 ι’ἰλλου
889 2894 974 2932 RQ.
1098 2892 1107 2919 i
1129 2895 1259 2930 κῖίδικος
1280 2896 1473 2931 Bekkerus.
1504 2897 1649 2931 καιὸικος
1671 2897 1706 2930 S.

194 2943 245 2974 καὶ
266 2942 378 2977 ι’ίδικος
398 2944 515 2988 vulgo.
629 2942 648 2969 k
670 2945 732 2990 εἷς]
757 2946 789 2980 ἐς
813 2946 846 2978 S.
960 2945 965 2966 ¹
988 2948 1152 2993 σεαυτοῦ]
1179 2950 1296 2981 ἑαυτοῦ
1319 2950 1355 2982 κ’.
