1965 3236
62 156 246 198 —10935
262 161 311 184 -2-2.
701 150 842 186 ΠΡΟΣ
875 148 1191 186 AEQXAPHN.
1593 142 1697 180 1152]

183 257 387 324 τύγχανε
421 258 536 310 hrofi
574 261 884 327 ἐγγραφῆναι,
917 262 1117 309 εἰσποιεῖ
1150 256 1406 323 Λεωχάρην
1440 255 1522 304 τὸν
1558 255 1700 303 αὑτοῦ

183 340 281 392 υἱὸν
311 342 540 410 Ἀρχιάδῃ
572 342 702 409 παρὰ
735 343 914 395 πάντας
949 340 1054 395 τοὺς
1092 340 1272 404 νόμους,
1299 340 1410 405 πρὶν
1435 343 1517 388 τοῦ
1549 337 1697 400 δήμου
1714 359 1748 390 25

180 423 266 487 τὴν
311 427 590 488 δοκιμασίαν
640 426 870 491 γενέσθαι.
940 426 1021 475 οὐκ
1072 424 1350 488 εἰσηγμένου
1395 423 1432 472 δ’
1479 426 1539 474 εἰς
1591 419 1696 473 τοὺς

179 507 440 575 εφράτεράς
475 533 550 560 πω
589 515 671 560 τοῦ
705 509 971 576 Ἀρχιάδου,
999 510 1109 558 ἀλλ’
1138 506 1293 570 ἐπειδὴ
1325 503 1575 573 ἐνεγράφη,
1607 527 1689 567 τη-

177 596 368 640 νικαῦτα
405 581 573 644 πείσας
613 592 692 641 ἕνα
727 590 862 641 ἀτινά
900 594 990 639 τῶν
1026 589 1273 658 φρατέρων
1306 587 1598 654 Εένέγραψεν
1632 591 1694 639 εἷς

105 695 159 739 53
175 672 228 724 τὸ
274 675 554 743 φρατερικὸν
595 680 928 742 γραμματεῖον.
996 677 1071 724 καὶ
1121 672 1238 737 μετὰ
1282 678 1428 722 ταῦτα
1476 675 1534 738 τῇ
1585 674 1687 720 δια·
1711 687 1786 727 109
1791 688 1815 728 3

173 758 405 824 μαρτυρίᾳ
438 756 556 823 πρὸς
591 763 657 827 τῷ
690 758 883 824 ἄρχοντι
919 763 1085 807 τοῦτον
1120 754 1463 822 ἀπογράφεται,
1495 756 1556 806 ὡς
1594 752 1691 803 υἱὸν

170 838 283 889 ὅντα
318 840 518 904 γνήσιον
552 847 634 892 τοῦ
673 839 1053 905 τετελευτηκότος
1092 839 1171 903 ἔτη
1205 838 1370 889 πολλὰ
1405 837 1488 887 τὸν
1525 837 1690 901 πρώην

169 925 243 972 καὶ
294 923 403 990 χθὲς
453 924 762 994 ἐγγραφέντα.
829 926 904 974 καὶ
955 922 1203 986 συμβαίνει
1255 920 1548 988 ἀμφοτέρους
1599 921 1681 970 αὑ-

166 1005 273 1058 τοὺς
308 1010 389 1070 τῆς
425 1010 738 1073 κληρονομίας
773 1010 1111 1076 ἀμφισβητεῖν·
1154 1005 1178 1055 ὅ
1213 1027 1262 1054 τε
1296 1004 1389 1070 γὰρ
1422 1004 1678 1069 Λεώστρα-
1699 1020 1715 1049 5

165 1111 244 1142 τος
283 1091 444 1140 οὑτοσὶ
483 1089 871 1156 ἰπαρακατέβαλε
915 1096 997 1140 τοῦ
1038 1088 1216 1154 κλήρου
1256 1091 1317 1140 ὡς
1356 1087 1451 1141 υἱὸς
1489 1087 1685 1152 γνήσιος

162 1172 405 1240 Ἀρχιάδῃ,
446 1173 470 1223 ὅ
514 1197 562 1224 τε
607 1173 862 1241 Λεωχάρης
908 1174 1070 1223 οὑτοσὶ
1116 1170 1542 1236 διαμεμαρτύρηκεν
1584 1173 1684 1224 ἕὼς

94 1270 150 1314 54
164 1255 257 1309 υἱὸς
293 1256 356 1307 ὧν
394 1258 591 1323 γνήσιος
629 1264 711 1308 τοῦ
755 1259 896 1308 αὐτοῦ
941 1256 1131 1323 πατρὸς,
1172 1256 1407 1321 οὐδέτερος
1447 1259 1488 1305 δ’
1528 1257 1682 1305 αὐτῶν

160 1340 308 1405 ζῶντι,
343 1340 474 1391 ἀλλὰ
512 1340 860 1406 τετελευτηκότι
899 1344 1098 1391 εἰσποιεῖ
1132 1339 1283 1391 αὑτόν.
1342 1340 1471 1402 ἡμεῖς
1510 1341 1546 1389 δ’
1585 1339 1674 1408 (536-
1697 1357 1735 1378 ¹0

158 1429 278 1485 μεθα
313 1427 418 1486 δεῖν,
453 1423 489 1474 ὦ
524 1425 686 1490 ἄνδρες
721 1426 953 1486 δικασταὶ,
990 1424 1006 1450 ¹¹
1025 1422 1209 1474 ἐπειδὰν
1248 1425 1354 1488 περὶ
1392 1423 1558 1472 τούτου
1597 1428 1680 1472 τοῦ

156 1508 338 1570 ἀγῶνος
381 1507 531 1571 ἰὑμεῖς
582 1508 667 1572 τὴν
710 1512 880 1577 ψῆφον
927 1508 1153 1572 ἐνέγκητε,
1197 1511 1448 1570 τηνικαῦτα
1491 1508 1540 1556 ἐκ
1584 1511 1678 1556 τῶν

156 1590 275 1640 κατὰ
305 1592 437 1656 γένος
470 1592 711 1657 ἐγγυτάτω
743 1591 909 1655 ι(ἡμῶν
942 1590 1189 1641 ιεἰσποιεῖν
1228 1589 1324 1641 υἱὸν
1359 1593 1425 1658 τῷ
1459 1597 1670 1640 τετελευ-

156 1674 327 1738 τηκότι,
356 1675 480 1730 ὅπως
507 1676 564 1726 ἂν
591 1678 615 1726 ὁ
643 1675 766 1730 οἶκος
791 1676 856 1740 μὴ
882 1676 1167 1744 ἐξερημωθῇ.

84 1770 138 1811 55
229 1762 431 1824 Πρῶτον
465 1759 549 1823 μὲν
583 1761 677 1823 οὖν,
711 1758 748 1810 ὦ
783 1759 944 1825 ἄνδρες
978 1760 1210 1819 δικασταὶ,
1237 1759 1298 1810 ὡς
1324 1758 1586 1829 ἐπανῆλθεν
1612 1762 1673 1811 εἷς
1689 1777 1724 1807 ¹5

152 1838 259 1893 τοὺς
290 1842 610 1894 Ἐλευσινίους
648 1844 696 1892 ἐκ
732 1846 825 1892 τῶν
859 1839 1126 1907 Ὀτρυνέων
1162 1840 1475 1905 Λεώστρατος
1510 1842 1672 1891 οὑτοσὶ

152 1924 426 1975 καταλιπὼν
462 1925 560 1976 υἱὸν
592 1930 658 1994 τῷ
690 1924 922 1993 Ἀρχιάδῃ
953 1924 1167 1990 γνήσιον,
1199 1926 1274 1974 καὶ
1309 1923 1379 1974 ὅτι
1411 1931 1440 1950 ¹¹¹

150 2007 291 2057 αὐτοῦ
325 2015 342 2033 “
361 2009 427 2058 ε”τι
460 2008 689 2074 πρότερον
722 2009 776 2059 τὸ
811 2007 924 2060 αὐτὸ
957 2012 1082 2058 τοῦτ’
1111 2006 1384 2071 ἐπεποιήκει,
1410 2009 1486 2058 καὶ
1520 2010 1582 2061 ὡς
1612 2010 1669 2058 ⁰5

149 2097 167 2123 Ρ
184 2091 564 2158 ἐγκαταλειφθεὶς
611 2092 750 2145 εἴπαις
793 2092 1105 2155 τετελεύτηκε,
1151 2092 1225 2141 καὶ
1271 2093 1332 2144 ὡς
1374 2092 1399 2140 ὃ
1441 2096 1522 2141 νῦν
1561 2094 1661 2142 δια-

145 2176 513 2239 μεμαρτυρηκὼς
542 2175 772 2241 πρότερον
803 2181 864 2229 εἷς
895 2175 1002 2229 τοὺς
1028 2173 1232 2238 δημότας
1258 2173 1286 2238 ἢ
1314 2178 1374 2227 εἷς
1400 2174 1507 2227 τοὺς
1533 2175 1657 2241 φρά-
1676 2195 1717 2217 20

76 2270 130 2321 56
145 2279 280 2322 τερας
306 2258 554 2326 ἐνεγράφη,
581 2258 759 2309 τούτων
786 2266 804 2293 ‘¹
823 2261 928 2322 ὑμῖν
962 2257 1046 2312 τὰς
1081 2263 1175 2308 τῶν
1207 2258 1453 2325 φρατέρων
1479 2261 1553 2308 καὶ
1579 2259 1662 2312 τὰς

144 2344 237 2390 τῶν
276 2342 490 2404 δημοτῶν
535 2343 789 2408 μαρτυρίας
834 2341 1173 2406 ἀναγνώσεται,
1211 2342 1288 2391 καὶ
1331 2345 1425 2391 τῶν
1463 2342 1661 2394 Γᾶλλων

1457 1925 1482 1973 ὁ
1514 1924 1670 1990 πατὴρ

196 2515 215 2542 b
236 2520 295 2552 τοῦ
315 2530 386 2553 om.
403 2520 477 2553 A.r.
499 2519 558 2564 qui
577 2518 821 2566 ἀπετύγχανεν.
909 2526 925 2545 ⁰
945 2520 1132 2567 φράτεράς]
1160 2521 1382 2555 Scribebatur
1401 2522 1576 2567 φράτορας
1596 2535 1658 2568 per

142 2585 159 2603 ο
179 2571 235 2605 hie
255 2577 289 2605 et
308 2572 398 2605 infra
417 2577 627 2613 constanter,
648 2574 847 2618 pariterque
867 2574 1086 2618 φρατορικόν.
1168 2570 1186 2597 d
1205 2574 1280 2607 τινὰ
1299 2586 1367 2608 om.
1388 2575 1474 2613 RQ.
1551 2580 1566 2599 θ
1587 2576 1655 2609 ἐνέ-

141 2623 290 2669 γραφεν]
316 2624 504 2669 ἐνέγραψεν
523 2637 550 2659 1‘.
671 2623 685 2649 f
703 2626 977 2672 παρακατέβαλε]
1001 2627 1299 2671 παρακατεβάλετο
1320 2628 1450 2666 F.S.Q.
1572 2634 1593 2661 g
1612 2629 1656 2663 ὡς

140 2688 208 2710 Oln.
226 2678 297 2710 As.
365 2674 385 2701 h
405 2678 765 2724 ἐπειδὰν-ἐνέγκητε]
788 2678 1117 2724 ἐπειδὴ-ἠνέγκατε
1139 2679 1270 2718 FNJSQ
1346 2677 1356 2703 i
1377 2680 1469 2723 ὑμεῖς
1488 2692 1558 2714 om.
1578 2682 1650 2715 Am.

140 2726 155 2752 Ι(
180 2729 271 2771 ἡμῶν
292 2730 463 2774 Seagerus
482 2730 519 2764 in
538 2731 659 2764 Diario
679 2732 822 2765 classico
841 2732 924 2766 fase.
943 2730 1007 2766 60.
1028 2745 1062 2777 p.
1081 2732 1167 2766 266.
1217 2732 1416 2777 Legebatur
1435 2732 1524 2775 ἡμῖν.
1568 2733 1651 2775 ὑμᾶς

136 2784 177 2814 A.
210 2782 294 2825 ἡμᾶς
313 2794 339 2815 r.
422 2779 431 2805 ¹
453 2783 632 2828 εἰσποιεῖν]
655 2784 806 2817 εἶσποεῖν
828 2784 863 2818 S.
960 2790 990 2808 ¹¹¹
1011 2786 1028 2817 ὁ
1049 2797 1119 2818 om.
1142 2785 1176 2818 S.
1262 2789 1278 2804 ¹¹
1299 2785 1365 2829 ἔτι]
1390 2786 1446 2830 ἔτη
1466 2785 1507 2817 Α.
1592 2790 1610 2808 0
1630 2787 1648 2817 ὁ

136 2846 206 2868 om.
229 2836 300 2868 A.r.
412 2840 431 2867 P
451 2836 729 2881 ἐγκαταλειφθεὶς
750 2837 925 2871 Reiskius.
960 2838 1197 2881 καταλειφθεὶς
1216 2837 1304 2870 libri.
1346 2837 1451 2871 Conf.
1472 2849 1543 2870 var.
1564 2837 1646 2874 lect.

133 2887 176 2919 acl
196 2899 230 2931 p.
254 2898 363 2933 1094,
385 2886 440 2921 16.
462 2894 496 2922 et
523 2887 578 2923 18.
690 2895 709 2921 (1
730 2889 822 2934 ὑμῖν]
844 2889 921 2932 ἡμῖν
941 2892 982 2924 A.
1096 2896 1110 2913 Γ
1129 2890 1262 2934 ἄλλων]
1286 2889 1402 2923 ἄλλων
1422 2890 1457 2922 δὲ
1477 2891 1549 2924 As.

820 2962 944 2991 an
