1965 3236
6 182 159 235 -876,
178 203 228 226 13.
626 190 768 226 ΠΡΟΣ
801 190 1061 227 ONHTOPA
1096 191 1137 227 B.
1555 190 1639 232 909

129 304 212 349 τοῦ
250 298 397 350 πάλιν
436 300 543 350 ἄνευ
577 301 826 367 μαρτύρων
858 300 1195 350 ἀποδεδωκέναι
1231 299 1446 368 φάσκειν,
1479 303 1554 350 καὶ
1588 303 1636 351 ἐκ
1655 326 1690 346 ¹0

129 389 211 433 τοῦ
248 382 330 433 τὸν
368 384 537 450 χρόνον
571 385 635 448 μὴ
673 386 896 451 ἐγχωρεῖν
936 383 1382 452 ἀμφισβητουμένης
1424 383 1512 446 ἤδη
1555 387 1637 447 τῆς

129 468 292 520 οὐσίας
318 469 570 517 ἀποδοῦναι
597 467 883 534 Υτάργύριον,
911 470 985 518 καὶ
1011 470 1061 518 ἐκ
1099 472 1193 518 τῶν
1225 467 1391 517 ἄλλων
1417 466 1637 517 ἁπάντων

130 554 293 603 ἱκανῶς
316 552 644 617 ἀποδεδεῖχθαί
666 559 682 577 ²
690 575 767 614 μοι
795 551 975 617 νομίζω.

702 712 1067 741 ,4-

830 856 934 904 ΛΑ.

255 991 501 1050 ἢΠΡΟΣ
553 999 947 1051 ΟΝΗΤΟΡΑ
997 996 1382 1056 ΕΞΟὙΛΗΣ
1434 1002 1498 1053 Β.

764 1208 999 1238 ΥΠΟΘΕΣΙΣ.

180 1289 480 1333 Παραλελειμμένα
508 1288 581 1321 τινὰ
606 1288 640 1321 ἐν
659 1291 705 1335 τῷ
729 1291 883 1336 προτέρῳ
908 1291 1001 1337 λόγῳ
1027 1290 1080 1324 διὰ
1101 1288 1223 1324 τούτου
1251 1292 1492 1337 προστίθησιν,
1514 1293 1557 1328 ὡς
1586 1295 1637 1327 καὶ

126 1351 226 1386 αὐτὸς
246 1350 513 1395 ἐπισημαίνεται,
536 1353 586 1385 καὶ
607 1352 646 1396 δὴ
667 1353 718 1386 καὶ
738 1355 822 1398 πρός
840 1367 931 1388 τινας
950 1354 1162 1399 ἀντιρρήσεις
1182 1353 1328 1389 ἵσταται.

179 1416 264 1460 Περὶ
296 1415 332 1449 δέ
362 1418 429 1449 τῶν
461 1417 574 1459 λόγων
604 1417 732 1449 τούτων
762 1415 1004 1461 προειρήκαμεν
1035 1416 1086 1450 ὅτι
1116 1415 1246 1450 πολλοί
1276 1418 1386 1461 φασιν
1415 1418 1536 1453 αὐτοὺς
1570 1419 1664 1456 ὑπὸ5

123 1479 252 1513 Ἰσαίου
277 1481 488 1523 συντεθῆναι,
515 1483 576 1514 τοῦ
602 1480 745 1526 ῥήτορος
770 1481 992 1515 ἀπιστοῦντες
1019 1477 1100 1514 εἶναι
1124 1481 1179 1514 διὰ
1207 1481 1267 1524 τὴν
1290 1481 1432 1523 ἡλικίαν,
1461 1483 1492 1515 οἱ
1517 1482 1556 1516 δέ
1581 1498 1632 1528 γε,

125 1546 153 1578 εἷ
171 1546 216 1589 μὴ
236 1546 350 1584 τοῦτο,
372 1545 587 1590 διωρθῶσθαί
605 1560 644 1590 γε
670 1546 734 1579 ὑπὸ
755 1548 814 1579 τοῦ
840 1544 977 1578 Ἰσαίου·
1009 1545 1138 1578 ἐοίκασι
1162 1546 1227 1590 γὰρ
1256 1547 1327 1580 τοῖς
1355 1545 1482 1578 ἐκείνου
1507 1548 1635 1592 λόγοις.

125 1610 320 1653 θαυμαστὸν
340 1610 369 1642 δ’
389 1609 500 1650 οὐδὲν,
523 1610 551 1643 εἷ
570 1610 629 1643 τὸν
649 1610 855 1643 διδάσκαλον
876 1608 891 1630 ¹¹
906 1608 1093 1652 ἐμιμήσατο
1114 1610 1165 1642 καὶ
1184 1609 1320 1652 μηδέπω
1340 1610 1424 1655 πρὸς
1447 1610 1485 1643 τὸ
1506 1611 1637 1644 τέλειον

126 1674 212 1717 ἥκων
231 1674 284 1708 ἐπὶ
302 1674 362 1706 τὸν
381 1674 506 1707 ἐκείνου
525 1675 717 1718 χαρακτῆρα
735 1673 849 1717 μετῄει
869 1674 960 1708 τέως.
1651 1686 1688 1707 lo

116 1761 133 1780 v)

143 1762 209 1837 ()
230 1785 494 1851 παρέλιπον
515 1788 563 1835 ἐν
582 1789 648 1854 τῷ
672 1787 883 1855 προτέρῳ
903 1784 1034 1854 λόγῳ
1060 1785 1318 1851 τεκμήριον,
1340 1783 1523 1838 οὐδενὸς
1542 1790 1635 1836 τῶν
1650 1800 1730 1851 876

123 1868 487 1934 ‘ffpoecpmte'vwv
530 1868 746 1931 ἔλαττον,
787 1875 869 1919 τοῦ
909 1868 973 1932 μὴ
1018 1870 1260 1919 δεδωκέναι
1312 1869 1328 1895 ‘¹
1339 1868 1423 1932 τὴν
1466 1874 1635 1935 προῖκα

123 1950 314 2004 τούτους
338 1951 554 2020 Ἀφόβῳ,
581 1958 719 2003 τοῦτο
743 1957 932 2018 πρῶτον
959 1950 1098 2002 εἰπών
1123 1951 1240 2015 μετὰ
1266 1958 1404 2002 τοῦτο
1430 1955 1505 2002 καὶ
1530 1955 1634 2018 περὶ

125 2032 189 2084 ὧν
209 2035 341 2088 οὗτος
362 2035 591 2103 ἔψευσται
616 2034 733 2101 πρὸς
754 2038 869 2099 ὑμᾶς
892 2037 1155 2104 ἐξελέγχειν
1175 2035 1314 2086 αὐτὸν
1334 2035 1630 2102 πειράσομαι.
1645 2060 1661 2089 5

90 2117 259 2171 αοῦτος
284 2118 389 2183 γὰρ,
417 2115 453 2167 ὦ
481 2118 642 2183 ἄνδρες
677 2120 907 2180 δικασταὶ,
934 2116 988 2167 τὸ
1019 2121 1208 2182 πρῶτον
1244 2116 1317 2167 ὅτε
1357 2122 1450 2167 τῶν
1474 2116 1627 2185 Ἀφό·

124 2206 214 2261 βου
241 2205 453 2252 διενοεῖτο
480 2204 814 2270 ἀμφισβητεῖν,
843 2203 944 2268 οὐχὶ
974 2200 1208 2251 τάλαντον
1235 2201 1325 2268 ἔφη
1351 2200 1436 2265 τὴν
1461 2206 1632 2268 προῖχ’,

123 2284 285 2351 ὥσπερ
324 2288 435 2346 νυνὶ,
462 2287 575 2335 ἀλλ’
603 2285 891 2350 ὀγδοήκοντα
923 2290 1041 2348 μνᾶς
1071 2286 1328 2346 δεδωκέναι,
1355 2292 1371 2310 ‘³
1389 2287 1463 2335 καὶ
1496 2286 1629 2349 τίθη-

125 2392 206 2419 σιν
237 2368 370 2434 ὅρους
409 2371 482 2419 ἐπὶ
517 2369 602 2433 μὲν
633 2369 718 2433 τὴν
752 2370 897 2419 οὶκίαν
922 2370 1182 2436 δισχιλίων,
1210 2371 1284 2419 ἐπὶ
1310 2368 1357 2419 δὲ
1383 2368 1436 2419 τὸ
1463 2371 1632 2436 χωρίον
1649 2396 1686 2417 ιο

125 2452 374 2514 ταλάντου,
415 2452 703 2515 βουλόμενος
743 2452 808 2516 μὴ
848 2452 993 2515 μόνον
1037 2458 1214 2514 ῑτοῦτο,
1250 2451 1379 2502 ἀλλὰ
1421 2454 1633 2516 κάκείνην

87 2555 110 2595 3
127 2535 367 2601 διασώζειν
393 2537 533 2604 αὐτῷ.
594 2536 842 2601 γενομένης
868 2536 922 2586 δέ
942 2559 1019 2598 μοι
1050 2539 1132 2599 τῆς
1169 2536 1296 2599 δίκης
1333 2534 1450 2601 πρὸς
1478 2536 1631 2597 αὐτὸν,

125 2620 272 2670 ἕῖδών
310 2622 371 2672 ὡς
410 2619 653 2670 Ι1διέκεισθ’
692 2621 815 2682 ὑμεῖς
853 2618 971 2685 πρὸς
1006 2617 1112 2672 τοὺς
1149 2619 1258 2669 λίαν
1296 2621 1491 2672 ἀναιδῶς
1528 2621 1627 2669 ἀδι-

180 2776 198 2803 Y
218 2768 415 2815 τάργύριον]
439 2771 478 2803 τὸ
496 2769 656 2816 ἀργύριον
677 2771 711 2804 S.
816 2777 831 2795 Ἄ
851 2785 908 2812 μοι
928 2782 996 2803 0111.
1020 2770 1054 2803 S.
1154 2775 1172 2794 ἢ
1191 2768 1416 2814 ΠΡΟΣ-3.]
1443 2769 1534 2801 Κατὰ
1554 2767 1630 2810 ὀνή-

125 2837 225 2867 τορος
245 2824 263 2855 ὁ
284 2822 426 2867 ὕστερος
448 2824 490 2857 Β.
628 2820 647 2848 b
668 2823 874 2868 ἐμιμήσατο]
898 2822 1081 2866 ἐτιμήσατο
1103 2823 1142 2857 F.
1282 2828 1297 2846 ⁰
1326 2822 1574 2866 προειρημένων
1595 2821 1630 2854 S.

128 2876 325 2921 Legebatur
356 2876 545 2920 εἰρημένων.
681 2874 696 2897 ‘¹
719 2877 779 2919 τὴν
808 2878 928 2921 προῖκα
958 2874 1115 2921 τούτους]
1150 2874 1290 2909 τούτους
1320 2875 1380 2917 τὴν
1408 2876 1528 2919 προῖκα
1557 2875 1631 2907 A.r.

126 2934 141 2953 e
162 2930 213 2962 καὶ
234 2928 384 2974 τίθησιν]
410 2931 491 2962 κᾶτα
510 2929 643 2972 τίθησιν
664 2929 701 2963 F.
789 2927 803 2953 f
819 2928 936 2974 τοῦτο]
962 2930 1003 2962 τὰ
1019 2929 1108 2962 ἅλλα
1129 2930 1199 2962 Α.1·.
1229 2930 1339 2961 τᾶλλα
1361 2928 1395 2961 S.
1489 2932 1509 2959 [ἰ
1530 2925 1626 2971 ἰδὼν]

127 2981 220 3017 εἰδὼς
240 2983 312 3017 As.
424 2979 442 3006 h
464 2981 621 3016 ὃιέκεισθ’
643 2983 676 3015 S.
713 2982 910 3027 Legebatur
930 2980 1103 3015 διάκεισθ’.
