<?xml version="1.0" encoding="UTF-8"?>
<!DOCTYPE html PUBLIC "-//W3C//DTD XHTML 1.0 Transitional//EN"
    "http://www.w3.org/TR/xhtml1/DTD/xhtml1-transitional.dtd">
<html xmlns="http://www.w3.org/1999/xhtml" xml:lang="en" lang="en">
 <head>
  <title>
</title>
<meta http-equiv="Content-Type" content="text/html;charset=utf-8" />
  <meta name='ocr-system' content='tesseract 3.04.00' />
  <meta name='ocr-capabilities' content='ocr_page ocr_carea ocr_par ocr_line ocrx_word'/>
</head>
<body>
  <div class='ocr_page' id='page_1' title='image "./operaexrecension03demouoft_0046.png"; bbox 0 0 1965 3236; ppageno 0'>
   <div class='ocr_carea' id='block_1_1' title="bbox 295 130 1934 189">
    <p class='ocr_par' dir='ltr' id='par_1_1' title="bbox 295 130 1934 189">
     <span class='ocr_line' id='line_1_1' title="bbox 295 130 1934 189; baseline 0.002 -19"><span class='ocrx_word' id='word_1_1' title='bbox 295 130 378 171; x_wconf 82' lang='lat'>886</span> <span class='ocrx_word' id='word_1_2' title='bbox 828 136 1256 175; x_wconf 65' lang='grc' dir='ltr'>ΔΗΜΟΣΘΕΝΟΎΣ</span> <span class='ocrx_word' id='word_1_3' title='bbox 1370 135 1451 174; x_wconf 59' lang='grc' dir='ltr'>οιι.</span> <span class='ocrx_word' id='word_1_4' title='bbox 1471 134 1663 174; x_wconf 87' lang='lat' dir='ltr'>XXIX.</span> <span class='ocrx_word' id='word_1_5' title='bbox 1685 149 1725 189; x_wconf 84' lang='lat' dir='ltr'>p.</span> <span class='ocrx_word' id='word_1_6' title='bbox 1745 134 1841 188; x_wconf 81' lang='lat'>852,</span> <span class='ocrx_word' id='word_1_7' title='bbox 1860 150 1934 173; x_wconf 70' lang='lat'>⁵-</span> 
     </span>
    </p>
   </div>
   <div class='ocr_carea' id='block_1_2' title="bbox 228 243 1864 1313">
    <p class='ocr_par' dir='ltr' id='par_1_2' title="bbox 228 243 1864 1313">
     <span class='ocr_line' id='line_1_2' title="bbox 294 243 1839 311; baseline 0.001 -19"><span class='ocrx_word' id='word_1_8' title='bbox 294 243 527 306; x_wconf 88' lang='grc' dir='ltr'>στάμενος</span> <span class='ocrx_word' id='word_1_9' title='bbox 564 247 748 308; x_wconf 82' lang='grc' dir='ltr'>τάληθῆ</span> <span class='ocrx_word' id='word_1_10' title='bbox 788 245 1231 311; x_wconf 56' lang='grc' dir='ltr'>ι(μεμαρτυρηκότας</span> <span class='ocrx_word' id='word_1_11' title='bbox 1270 245 1450 308; x_wconf 77' lang='grc' dir='ltr'>αὐτοὺς,</span> <span class='ocrx_word' id='word_1_12' title='bbox 1489 246 1613 308; x_wconf 78' lang='grc' dir='ltr'>ὅμως</span> <span class='ocrx_word' id='word_1_13' title='bbox 1657 269 1802 296; x_wconf 88' lang='grc' dir='ltr'>συκο-</span> <span class='ocrx_word' id='word_1_14' title='bbox 1823 265 1839 294; x_wconf 85' lang='lat'><strong><em>5</em></strong></span> 
     </span>
     <span class='ocr_line' id='line_1_3' title="bbox 295 328 1812 395; baseline 0.005 -19"><span class='ocrx_word' id='word_1_15' title='bbox 295 332 466 394; x_wconf 82' lang='grc' dir='ltr'>φαντεῖ</span> <span class='ocrx_word' id='word_1_16' title='bbox 495 330 569 377; x_wconf 81' lang='grc' dir='ltr'>καὶ</span> <span class='ocrx_word' id='word_1_17' title='bbox 609 331 760 395; x_wconf 76' lang='grc' dir='ltr'>φησὶν</span> <span class='ocrx_word' id='word_1_18' title='bbox 794 330 847 379; x_wconf 80' lang='grc' dir='ltr'>οὐ</span> <span class='ocrx_word' id='word_1_19' title='bbox 880 328 1023 391; x_wconf 88' lang='grc' dir='ltr'>μόνον</span> <span class='ocrx_word' id='word_1_20' title='bbox 1062 331 1143 379; x_wconf 78' lang='grc' dir='ltr'>οὐκ</span> <span class='ocrx_word' id='word_1_21' title='bbox 1179 334 1319 380; x_wconf 79' lang='grc' dir='ltr'>εἰπεῖν</span> <span class='ocrx_word' id='word_1_22' title='bbox 1354 336 1514 388; x_wconf 87' lang='grc' dir='ltr'>ταῦτα,</span> <span class='ocrx_word' id='word_1_23' title='bbox 1548 328 1577 379; x_wconf 79' lang='grc' dir='ltr'>ἃ</span> <span class='ocrx_word' id='word_1_24' title='bbox 1607 335 1707 383; x_wconf 84' lang='grc' dir='ltr'>πῶς</span> <span class='ocrx_word' id='word_1_25' title='bbox 1743 354 1812 383; x_wconf 82' lang='grc' dir='ltr'>τις</span> 
     </span>
     <span class='ocr_line' id='line_1_4' title="bbox 294 408 1810 480; baseline 0.003 -21"><span class='ocrx_word' id='word_1_26' title='bbox 294 408 352 460; x_wconf 78' lang='grc' dir='ltr'>ἂν</span> <span class='ocrx_word' id='word_1_27' title='bbox 382 414 571 472; x_wconf 80' lang='grc' dir='ltr'>μᾶλλον</span> <span class='ocrx_word' id='word_1_28' title='bbox 605 412 890 480; x_wconf 72' lang='grc' dir='ltr'>ἐξελέγξειεν</span> <span class='ocrx_word' id='word_1_29' title='bbox 927 411 1173 477; x_wconf 69' lang='grc' dir='ltr'>εἰρηκότα,</span> <span class='ocrx_word' id='word_1_30' title='bbox 1218 413 1348 463; x_wconf 79' lang='grc' dir='ltr'>ἀλλὰ</span> <span class='ocrx_word' id='word_1_31' title='bbox 1383 416 1458 463; x_wconf 76' lang='grc' dir='ltr'>καὶ</span> <span class='ocrx_word' id='word_1_32' title='bbox 1493 417 1665 463; x_wconf 86' lang='grc' dir='ltr'>δοῦλον</span> <span class='ocrx_word' id='word_1_33' title='bbox 1698 411 1810 463; x_wconf 74' lang='grc' dir='ltr'>εἶναι</span> 
     </span>
     <span class='ocr_line' id='line_1_5' title="bbox 295 491 1813 563; baseline 0.003 -21"><span class='ocrx_word' id='word_1_34' title='bbox 295 491 378 542; x_wconf 82' lang='grc' dir='ltr'>τὸν</span> <span class='ocrx_word' id='word_1_35' title='bbox 405 493 655 559; x_wconf 76' lang='grc' dir='ltr'>ἄνθρωπον</span> <span class='ocrx_word' id='word_1_36' title='bbox 689 499 755 563; x_wconf 74' lang='grc' dir='ltr'>τῷ</span> <span class='ocrx_word' id='word_1_37' title='bbox 794 495 905 545; x_wconf 78' lang='grc' dir='ltr'>ὄντι.</span> <span class='ocrx_word' id='word_1_38' title='bbox 969 495 1207 558; x_wconf 79' lang='grc' dir='ltr'>βούλομαι</span> <span class='ocrx_word' id='word_1_39' title='bbox 1242 495 1288 546; x_wconf 74' lang='grc' dir='ltr'>δὲ</span> <span class='ocrx_word' id='word_1_40' title='bbox 1321 495 1394 545; x_wconf 78' lang='grc' dir='ltr'>διὰ</span> <span class='ocrx_word' id='word_1_41' title='bbox 1427 497 1645 562; x_wconf 80' lang='grc' dir='ltr'>βραχέων</span> <span class='ocrx_word' id='word_1_42' title='bbox 1673 494 1813 546; x_wconf 76' lang='grc' dir='ltr'>εἰπὼν</span> 
     </span>
     <span class='ocr_line' id='line_1_6' title="bbox 228 575 1810 647; baseline 0.001 -21"><span class='ocrx_word' id='word_1_43' title='bbox 228 594 278 635; x_wconf 81' lang='lat'>33</span> <span class='ocrx_word' id='word_1_44' title='bbox 294 575 412 641; x_wconf 78' lang='grc' dir='ltr'>πρὸς</span> <span class='ocrx_word' id='word_1_45' title='bbox 452 578 568 639; x_wconf 80' lang='grc' dir='ltr'>ὑμᾶς</span> <span class='ocrx_word' id='word_1_46' title='bbox 607 578 854 646; x_wconf 72' lang='grc' dir='ltr'>ἐξελέγξαι</span> <span class='ocrx_word' id='word_1_47' title='bbox 893 581 968 628; x_wconf 79' lang='grc' dir='ltr'>καὶ</span> <span class='ocrx_word' id='word_1_48' title='bbox 997 575 1140 628; x_wconf 86' lang='grc' dir='ltr'>1ταῦτ’</span> <span class='ocrx_word' id='word_1_49' title='bbox 1171 577 1311 629; x_wconf 79' lang='grc' dir='ltr'>αὐτὸν</span> <span class='ocrx_word' id='word_1_50' title='bbox 1343 578 1647 647; x_wconf 76' lang='grc' dir='ltr'>ψευδόμενον.</span> <span class='ocrx_word' id='word_1_51' title='bbox 1719 579 1810 643; x_wconf 84' lang='grc' dir='ltr'>ἐγὼ</span> 
     </span>
     <span class='ocr_line' id='line_1_7' title="bbox 294 658 1864 731; baseline 0.002 -22"><span class='ocrx_word' id='word_1_52' title='bbox 294 659 399 726; x_wconf 80' lang='grc' dir='ltr'>γὰρ,</span> <span class='ocrx_word' id='word_1_53' title='bbox 428 658 466 710; x_wconf 71' lang='grc' dir='ltr'><em>ὦ</em></span> <span class='ocrx_word' id='word_1_54' title='bbox 493 661 654 726; x_wconf 76' lang='grc' dir='ltr'>ἄνδρες</span> <span class='ocrx_word' id='word_1_55' title='bbox 681 664 912 723; x_wconf 70' lang='grc' dir='ltr'>δικασταὶ,</span> <span class='ocrx_word' id='word_1_56' title='bbox 941 664 1016 712; x_wconf 74' lang='grc' dir='ltr'>καὶ</span> <span class='ocrx_word' id='word_1_57' title='bbox 1050 665 1155 728; x_wconf 78' lang='grc' dir='ltr'>περὶ</span> <span class='ocrx_word' id='word_1_58' title='bbox 1192 662 1370 712; x_wconf 86' lang='grc' dir='ltr'>τούτων</span> <span class='ocrx_word' id='word_1_59' title='bbox 1406 662 1625 726; x_wconf 81' lang='grc' dir='ltr'>ἠθέλησα</span> <span class='ocrx_word' id='word_1_60' title='bbox 1661 662 1809 731; x_wconf 76' lang='grc' dir='ltr'>τούτῳ</span> <span class='ocrx_word' id='word_1_61' title='bbox 1828 683 1864 703; x_wconf 86' lang='lat'>10</span> 
     </span>
     <span class='ocr_line' id='line_1_8' title="bbox 293 745 1813 811; baseline 0.003 -18"><span class='ocrx_word' id='word_1_62' title='bbox 293 746 583 809; x_wconf 89' lang='grc' dir='ltr'>παραδοῦναι</span> <span class='ocrx_word' id='word_1_63' title='bbox 626 745 898 810; x_wconf 71' lang='grc' dir='ltr'>βασανίζειν</span> <span class='ocrx_word' id='word_1_64' title='bbox 949 746 1031 799; x_wconf 78' lang='grc' dir='ltr'>τὰς</span> <span class='ocrx_word' id='word_1_65' title='bbox 1077 748 1371 811; x_wconf 77' lang='grc' dir='ltr'>θεραπαίνας,</span> <span class='ocrx_word' id='word_1_66' title='bbox 1415 746 1461 796; x_wconf 74' lang='grc' dir='ltr'>αἳ</span> <span class='ocrx_word' id='word_1_67' title='bbox 1503 751 1813 799; x_wconf 78' lang='grc' dir='ltr'>τελευτῶντος</span> 
     </span>
     <span class='ocr_line' id='line_1_9' title="bbox 294 827 1813 898; baseline 0.001 -21"><span class='ocrx_word' id='word_1_68' title='bbox 294 833 376 878; x_wconf 89' lang='grc' dir='ltr'>τοῦ</span> <span class='ocrx_word' id='word_1_69' title='bbox 396 827 573 894; x_wconf 81' lang='grc' dir='ltr'>πατρὸς</span> <span class='ocrx_word' id='word_1_70' title='bbox 593 830 964 893; x_wconf 83' lang='grc' dir='ltr'>μνημονεύουσιν</span> <span class='ocrx_word' id='word_1_71' title='bbox 984 831 1219 898; x_wconf 75' lang='grc' dir='ltr'>ἀφεθέντα</span> <span class='ocrx_word' id='word_1_72' title='bbox 1245 836 1409 880; x_wconf 87' lang='grc' dir='ltr'>τοῦτον</span> <span class='ocrx_word' id='word_1_73' title='bbox 1430 830 1674 895; x_wconf 86' lang='grc' dir='ltr'>ἐλεύθερον</span> <span class='ocrx_word' id='word_1_74' title='bbox 1700 827 1813 879; x_wconf 76' lang='grc' dir='ltr'>εἶναι</span> 
     </span>
     <span class='ocr_line' id='line_1_10' title="bbox 294 910 1813 979; baseline 0.001 -18"><span class='ocrx_word' id='word_1_75' title='bbox 294 910 413 963; x_wconf 87' lang='grc' dir='ltr'>τότε.</span> <span class='ocrx_word' id='word_1_76' title='bbox 469 915 543 962; x_wconf 80' lang='grc' dir='ltr'>καὶ</span> <span class='ocrx_word' id='word_1_77' title='bbox 568 912 686 978; x_wconf 83' lang='grc' dir='ltr'>πρὸς</span> <span class='ocrx_word' id='word_1_78' title='bbox 724 913 904 967; x_wconf 79' lang='grc' dir='ltr'>τούτοις</span> <span class='ocrx_word' id='word_1_79' title='bbox 930 914 957 976; x_wconf 86' lang='grc' dir='ltr'>ἡ</span> <span class='ocrx_word' id='word_1_80' title='bbox 984 914 1138 979; x_wconf 86' lang='grc' dir='ltr'>μήτηρ</span> <span class='ocrx_word' id='word_1_81' title='bbox 1173 914 1270 963; x_wconf 83' lang='grc' dir='ltr'>κατ’</span> <span class='ocrx_word' id='word_1_82' title='bbox 1300 915 1411 974; x_wconf 84' lang='grc' dir='ltr'>ἐμοῦ</span> <span class='ocrx_word' id='word_1_83' title='bbox 1446 915 1521 963; x_wconf 79' lang='grc' dir='ltr'>καὶ</span> <span class='ocrx_word' id='word_1_84' title='bbox 1556 916 1639 976; x_wconf 77' lang='grc' dir='ltr'>τῆς</span> <span class='ocrx_word' id='word_1_85' title='bbox 1675 915 1813 962; x_wconf 87' lang='grc' dir='ltr'>ἀδελ-</span> 
     </span>
     <span class='ocr_line' id='line_1_11' title="bbox 296 995 1862 1064; baseline -0.001 -16"><span class='ocrx_word' id='word_1_86' title='bbox 296 998 403 1062; x_wconf 80' lang='grc' dir='ltr'>φῆς,</span> <span class='ocrx_word' id='word_1_87' title='bbox 432 995 474 1046; x_wconf 75' lang='grc' dir='ltr'>οἳ</span> <span class='ocrx_word' id='word_1_88' title='bbox 507 996 640 1059; x_wconf 86' lang='grc' dir='ltr'>μόνοι</span> <span class='ocrx_word' id='word_1_89' title='bbox 671 997 831 1051; x_wconf 78' lang='grc' dir='ltr'>παῖδές</span> <span class='ocrx_word' id='word_1_90' title='bbox 858 999 1000 1060; x_wconf 86' lang='grc' dir='ltr'>ἐσμεν</span> <span class='ocrx_word' id='word_1_91' title='bbox 1027 998 1156 1064; x_wconf 83' lang='grc' dir='ltr'>αὐτῇ,</span> <span class='ocrx_word' id='word_1_92' title='bbox 1185 999 1239 1046; x_wconf 78' lang='grc' dir='ltr'>δι’</span> <span class='ocrx_word' id='word_1_93' title='bbox 1269 996 1346 1050; x_wconf 81' lang='grc' dir='ltr'>οῦς</span> <span class='ocrx_word' id='word_1_94' title='bbox 1385 995 1696 1063; x_wconf 83' lang='grc' dir='ltr'>κατεχήρευσε</span> <span class='ocrx_word' id='word_1_95' title='bbox 1730 996 1862 1051; x_wconf 67' lang='grc' dir='ltr'>τὸνιε,</span> 
     </span>
     <span class='ocr_line' id='line_1_12' title="bbox 228 1079 1810 1145; baseline 0 -16"><span class='ocrx_word' id='word_1_96' title='bbox 228 1080 415 1139; x_wconf 79' lang='grc' dir='ltr'>34βιόν,</span> <span class='ocrx_word' id='word_1_97' title='bbox 440 1081 605 1130; x_wconf 91' lang='grc' dir='ltr'>πίστιν</span> <span class='ocrx_word' id='word_1_98' title='bbox 632 1080 866 1143; x_wconf 84' lang='grc' dir='ltr'>ἠθέλησεν</span> <span class='ocrx_word' id='word_1_99' title='bbox 900 1082 1120 1131; x_wconf 79' lang='grc' dir='ltr'>ἐπιθεῖναι</span> <span class='ocrx_word' id='word_1_100' title='bbox 1159 1080 1568 1145; x_wconf 75' lang='grc' dir='ltr'>παραστησαμένη</span> <span class='ocrx_word' id='word_1_101' title='bbox 1608 1079 1691 1130; x_wconf 82' lang='grc' dir='ltr'>τὸν</span> <span class='ocrx_word' id='word_1_102' title='bbox 1725 1079 1810 1130; x_wconf 75' lang='grc' dir='ltr'>ἄν·</span> 
     </span>
     <span class='ocr_line' id='line_1_13' title="bbox 296 1163 1814 1231; baseline 0.001 -18"><span class='ocrx_word' id='word_1_103' title='bbox 296 1166 487 1228; x_wconf 89' lang='grc' dir='ltr'>θρωπον</span> <span class='ocrx_word' id='word_1_104' title='bbox 529 1170 696 1214; x_wconf 89' lang='grc' dir='ltr'>τοῦτον</span> <span class='ocrx_word' id='word_1_105' title='bbox 741 1166 926 1231; x_wconf 79' lang='grc' dir='ltr'>ἀφεῖναι</span> <span class='ocrx_word' id='word_1_106' title='bbox 966 1164 1048 1213; x_wconf 83' lang='grc' dir='ltr'>τὸν</span> <span class='ocrx_word' id='word_1_107' title='bbox 1091 1164 1271 1229; x_wconf 87' lang='grc' dir='ltr'>πατέρα</span> <span class='ocrx_word' id='word_1_108' title='bbox 1314 1164 1428 1227; x_wconf 81' lang='grc' dir='ltr'>ἡνίκ’</span> <span class='ocrx_word' id='word_1_109' title='bbox 1469 1163 1700 1225; x_wconf 83' lang='grc' dir='ltr'>ἐτελεύτα,</span> <span class='ocrx_word' id='word_1_110' title='bbox 1740 1165 1814 1214; x_wconf 75' lang='grc' dir='ltr'>καὶ</span> 
     </span>
     <span class='ocr_line' id='line_1_14' title="bbox 297 1245 1816 1313; baseline 0 -16"><span class='ocrx_word' id='word_1_111' title='bbox 297 1247 565 1312; x_wconf 73' lang='grc' dir='ltr'>νομίζεσθαι</span> <span class='ocrx_word' id='word_1_112' title='bbox 604 1252 715 1313; x_wconf 81' lang='grc' dir='ltr'>παρ’</span> <span class='ocrx_word' id='word_1_113' title='bbox 750 1248 858 1310; x_wconf 83' lang='grc' dir='ltr'>ἡμῖν</span> <span class='ocrx_word' id='word_1_114' title='bbox 897 1252 1063 1297; x_wconf 89' lang='grc' dir='ltr'>τοῦτον</span> <span class='ocrx_word' id='word_1_115' title='bbox 1100 1246 1356 1312; x_wconf 85' lang='grc' dir='ltr'>ἐλεύθερον·</span> <span class='ocrx_word' id='word_1_116' title='bbox 1398 1245 1455 1310; x_wconf 79' lang='grc' dir='ltr'>ἢν</span> <span class='ocrx_word' id='word_1_117' title='bbox 1490 1249 1647 1310; x_wconf 75' lang='grc' dir='ltr'>μηδεὶς</span> <span class='ocrx_word' id='word_1_118' title='bbox 1688 1248 1816 1310; x_wconf 80' lang='grc' dir='ltr'>ὑμῶν</span> 
     </span>
    </p>
   </div>
   <div class='ocr_carea' id='block_1_3' title="bbox 1442 1329 1815 1392">
    <p class='ocr_par' dir='ltr' id='par_1_3' title="bbox 1442 1329 1815 1392">
     <span class='ocr_line' id='line_1_15' title="bbox 1442 1329 1815 1392; baseline 0.005 -13"><span class='ocrx_word' id='word_1_119' title='bbox 1442 1329 1537 1380; x_wconf 56' lang='grc' dir='ltr'>ωᾶν</span> <span class='ocrx_word' id='word_1_120' title='bbox 1563 1331 1750 1392; x_wconf 75' lang='grc' dir='ltr'>ἐθέλειν,</span> <span class='ocrx_word' id='word_1_121' title='bbox 1778 1335 1815 1381; x_wconf 81' lang='grc' dir='ltr'>εἶ</span> 
     </span>
    </p>
   </div>
   <div class='ocr_carea' id='block_1_4' title="bbox 231 1329 1915 2574">
    <p class='ocr_par' dir='ltr' id='par_1_4' title="bbox 297 1329 1870 1648">
     <span class='ocr_line' id='line_1_16' title="bbox 298 1329 1412 1396; baseline 0 -16"><span class='ocrx_word' id='word_1_122' title='bbox 298 1330 517 1396; x_wconf 73' lang='grc' dir='ltr'>νομιζέτω</span> <span class='ocrx_word' id='word_1_123' title='bbox 544 1335 648 1381; x_wconf 82' lang='grc' dir='ltr'>καθ’</span> <span class='ocrx_word' id='word_1_124' title='bbox 677 1331 809 1394; x_wconf 81' lang='grc' dir='ltr'>ἡμῶν</span> <span class='ocrx_word' id='word_1_125' title='bbox 834 1331 936 1381; x_wconf 82' lang='grc' dir='ltr'>ποτ’</span> <span class='ocrx_word' id='word_1_126' title='bbox 966 1329 1022 1380; x_wconf 77' lang='grc' dir='ltr'>ἂν</span> <span class='ocrx_word' id='word_1_127' title='bbox 1054 1330 1246 1393; x_wconf 84' lang='grc' dir='ltr'>ὀμνύναι</span> <span class='ocrx_word' id='word_1_128' title='bbox 1285 1332 1412 1380; x_wconf 85' lang='grc' dir='ltr'>ταῦτ’</span> 
     </span>
     <span class='ocr_line' id='line_1_17' title="bbox 297 1413 1870 1482; baseline 0.001 -19"><span class='ocrx_word' id='word_1_129' title='bbox 297 1413 362 1477; x_wconf 84' lang='grc' dir='ltr'>μὴ</span> <span class='ocrx_word' id='word_1_130' title='bbox 390 1418 561 1482; x_wconf 77' lang='grc' dir='ltr'>σαφῶς</span> <span class='ocrx_word' id='word_1_131' title='bbox 588 1413 686 1481; x_wconf 81' lang='grc' dir='ltr'>ᾔδει</span> <span class='ocrx_word' id='word_1_132' title='bbox 712 1413 770 1464; x_wconf 79' lang='grc' dir='ltr'>τὰ</span> <span class='ocrx_word' id='word_1_133' title='bbox 797 1415 962 1479; x_wconf 73' lang='grc' dir='ltr'>εὔορκα</span> <span class='ocrx_word' id='word_1_134' title='bbox 989 1415 1237 1477; x_wconf 85' lang='grc' dir='ltr'>ὀμουμένη.</span> <span class='ocrx_word' id='word_1_135' title='bbox 1293 1413 1423 1463; x_wconf 80' lang='grc' dir='ltr'>α’λλά</span> <span class='ocrx_word' id='word_1_136' title='bbox 1449 1413 1542 1477; x_wconf 84' lang='grc' dir='ltr'>μὴν</span> <span class='ocrx_word' id='word_1_137' title='bbox 1572 1416 1632 1467; x_wconf 85' lang='grc' dir='ltr'>ὡς</span> <span class='ocrx_word' id='word_1_138' title='bbox 1660 1416 1814 1477; x_wconf 79' lang='grc' dir='ltr'>ἀληθῆ</span> <span class='ocrx_word' id='word_1_139' title='bbox 1831 1434 1870 1454; x_wconf 82' lang='lat'>²0</span> 
     </span>
     <span class='ocr_line' id='line_1_18' title="bbox 297 1497 1817 1563; baseline 0.002 -15"><span class='ocrx_word' id='word_1_140' title='bbox 297 1498 424 1563; x_wconf 86' lang='grc' dir='ltr'>λέγω</span> <span class='ocrx_word' id='word_1_141' title='bbox 463 1503 537 1549; x_wconf 81' lang='grc' dir='ltr'>καὶ</span> <span class='ocrx_word' id='word_1_142' title='bbox 577 1500 729 1549; x_wconf 63' lang='grc' dir='ltr'>Πταῦτ’</span> <span class='ocrx_word' id='word_1_143' title='bbox 758 1497 874 1561; x_wconf 78' lang='grc' dir='ltr'>ἦμεν</span> <span class='ocrx_word' id='word_1_144' title='bbox 914 1499 1083 1562; x_wconf 75' lang='grc' dir='ltr'>ἕτοιμοι</span> <span class='ocrx_word' id='word_1_145' title='bbox 1124 1503 1285 1561; x_wconf 79' lang='grc' dir='ltr'>ποιεῖν,</span> <span class='ocrx_word' id='word_1_146' title='bbox 1326 1498 1457 1549; x_wconf 88' lang='grc' dir='ltr'>κάλει</span> <span class='ocrx_word' id='word_1_147' title='bbox 1502 1498 1678 1550; x_wconf 87' lang='grc' dir='ltr'>τούτων</span> <span class='ocrx_word' id='word_1_148' title='bbox 1711 1498 1817 1551; x_wconf 82' lang='grc' dir='ltr'>τοῦς</span> 
     </span>
     <span class='ocr_line' id='line_1_19' title="bbox 298 1581 551 1648; baseline 0.008 -16"><span class='ocrx_word' id='word_1_149' title='bbox 298 1581 551 1648; x_wconf 86' lang='grc' dir='ltr'>μάρτυρας.</span> 
     </span>
    </p>

    <p class='ocr_par' dir='ltr' id='par_1_5' title="bbox 899 1671 1220 1712">
     <span class='ocr_line' id='line_1_20' title="bbox 899 1671 1220 1712; baseline 0 0"><span class='ocrx_word' id='word_1_150' title='bbox 899 1672 943 1712; x_wconf 85' lang='grc' dir='ltr'>Μ</span> <span class='ocrx_word' id='word_1_151' title='bbox 952 1673 983 1712; x_wconf 76' lang='lat' dir='ltr'>A</span> <span class='ocrx_word' id='word_1_152' title='bbox 990 1672 1130 1711; x_wconf 81' lang='lat' dir='ltr'>PTTP</span> <span class='ocrx_word' id='word_1_153' title='bbox 1136 1671 1204 1711; x_wconf 71' lang='grc' dir='ltr'>ΕΣ</span> <span class='ocrx_word' id='word_1_154' title='bbox 1212 1703 1220 1712; x_wconf 91' lang='grc'><strong>.</strong></span> 
     </span>
    </p>

    <p class='ocr_par' dir='ltr' id='par_1_6' title="bbox 231 1752 1867 2238">
     <span class='ocr_line' id='line_1_21' title="bbox 231 1752 1817 1820; baseline -0.001 -15"><span class='ocrx_word' id='word_1_155' title='bbox 231 1776 284 1817; x_wconf 82' lang='lat'>35</span> <span class='ocrx_word' id='word_1_156' title='bbox 375 1758 603 1805; x_wconf 84' lang='grc' dir='ltr'>Τοσαῦτα</span> <span class='ocrx_word' id='word_1_157' title='bbox 650 1756 804 1804; x_wconf 88' lang='grc' dir='ltr'>τοίνυν</span> <span class='ocrx_word' id='word_1_158' title='bbox 855 1755 1007 1804; x_wconf 85' lang='grc' dir='ltr'>δίκαια</span> <span class='ocrx_word' id='word_1_159' title='bbox 1058 1754 1213 1819; x_wconf 80' lang='grc' dir='ltr'>λέγειν</span> <span class='ocrx_word' id='word_1_160' title='bbox 1263 1752 1467 1820; x_wconf 90' lang='grc' dir='ltr'>ε’χόντων</span> <span class='ocrx_word' id='word_1_161' title='bbox 1519 1755 1697 1817; x_wconf 78' lang='grc' dir='ltr'>Οἡμῶν,</span> <span class='ocrx_word' id='word_1_162' title='bbox 1742 1756 1817 1804; x_wconf 73' lang='grc' dir='ltr'>καὶ</span> 
     </span>
     <span class='ocr_line' id='line_1_22' title="bbox 301 1838 1815 1906; baseline 0 -18"><span class='ocrx_word' id='word_1_163' title='bbox 301 1838 610 1906; x_wconf 83' lang='grc' dir='ltr'>καταφεύγειν</span> <span class='ocrx_word' id='word_1_164' title='bbox 637 1842 698 1891; x_wconf 78' lang='grc' dir='ltr'>εἰς</span> <span class='ocrx_word' id='word_1_165' title='bbox 733 1838 841 1891; x_wconf 83' lang='grc' dir='ltr'>τοῦς</span> <span class='ocrx_word' id='word_1_166' title='bbox 876 1839 1129 1902; x_wconf 82' lang='grc' dir='ltr'>μεγίστους</span> <span class='ocrx_word' id='word_1_167' title='bbox 1163 1839 1385 1904; x_wconf 82' lang='grc' dir='ltr'>ἐλέγχους</span> <span class='ocrx_word' id='word_1_168' title='bbox 1420 1839 1678 1888; x_wconf 79' lang='grc' dir='ltr'>ἐθελόντων</span> <span class='ocrx_word' id='word_1_169' title='bbox 1711 1841 1815 1904; x_wconf 75' lang='grc' dir='ltr'>περὶ</span> 
     </span>
     <span class='ocr_line' id='line_1_23' title="bbox 300 1920 1867 1989; baseline 0 -17"><span class='ocrx_word' id='word_1_170' title='bbox 300 1927 395 1973; x_wconf 83' lang='grc' dir='ltr'>τῶν</span> <span class='ocrx_word' id='word_1_171' title='bbox 433 1923 868 1988; x_wconf 86' lang='grc' dir='ltr'>μεμαρτυρημένων,</span> <span class='ocrx_word' id='word_1_172' title='bbox 909 1920 1063 1972; x_wconf 86' lang='grc' dir='ltr'>πάντα</span> <span class='ocrx_word' id='word_1_173' title='bbox 1102 1928 1249 1971; x_wconf 91' lang='grc' dir='ltr'>ταῦτα</span> <span class='ocrx_word' id='word_1_174' title='bbox 1288 1921 1454 1989; x_wconf 82' lang='grc' dir='ltr'>φυγὼν</span> <span class='ocrx_word' id='word_1_175' title='bbox 1489 1922 1622 1975; x_wconf 74' lang='grc' dir='ltr'>οὗτος</span> <span class='ocrx_word' id='word_1_176' title='bbox 1663 1922 1867 1983; x_wconf 67' lang='grc' dir='ltr'>οἵεται,25</span> 
     </span>
     <span class='ocr_line' id='line_1_24' title="bbox 301 2006 1819 2072; baseline 0 -15"><span class='ocrx_word' id='word_1_177' title='bbox 301 2008 406 2072; x_wconf 77' lang='grc' dir='ltr'>περὶ</span> <span class='ocrx_word' id='word_1_178' title='bbox 449 2008 531 2068; x_wconf 83' lang='grc' dir='ltr'>τῆς</span> <span class='ocrx_word' id='word_1_179' title='bbox 575 2006 884 2070; x_wconf 84' lang='grc' dir='ltr'>γεγενημένης</span> <span class='ocrx_word' id='word_1_180' title='bbox 930 2007 1057 2069; x_wconf 84' lang='grc' dir='ltr'>δίκης</span> <span class='ocrx_word' id='word_1_181' title='bbox 1101 2006 1379 2064; x_wconf 76' lang='grc' dir='ltr'>διαβάλλων</span> <span class='ocrx_word' id='word_1_182' title='bbox 1426 2008 1500 2055; x_wconf 81' lang='grc' dir='ltr'>καὶ</span> <span class='ocrx_word' id='word_1_183' title='bbox 1544 2011 1819 2072; x_wconf 83' lang='grc' dir='ltr'>κατηγορῶν</span> 
     </span>
     <span class='ocr_line' id='line_1_25' title="bbox 303 2088 1815 2157; baseline -0.001 -16"><span class='ocrx_word' id='word_1_184' title='bbox 303 2092 427 2153; x_wconf 82' lang='grc' dir='ltr'>ἐμοῦ,</span> <span class='ocrx_word' id='word_1_185' title='bbox 454 2095 536 2140; x_wconf 89' lang='grc' dir='ltr'>τοῦ</span> <span class='ocrx_word' id='word_1_186' title='bbox 573 2088 806 2155; x_wconf 86' lang='grc' dir='ltr'>μάρτυρος</span> <span class='ocrx_word' id='word_1_187' title='bbox 847 2091 963 2150; x_wconf 79' lang='grc' dir='ltr'>ὑμᾶς</span> <span class='ocrx_word' id='word_1_188' title='bbox 1001 2091 1181 2140; x_wconf 87' lang='grc' dir='ltr'>πείσειν</span> <span class='ocrx_word' id='word_1_189' title='bbox 1217 2091 1668 2157; x_wconf 78' lang='grc' dir='ltr'>καταψηφίσασθαι,</span> <span class='ocrx_word' id='word_1_190' title='bbox 1694 2088 1815 2140; x_wconf 88' lang='grc' dir='ltr'>πάν-</span> 
     </span>
     <span class='ocr_line' id='line_1_26' title="bbox 303 2172 1815 2238; baseline -0.001 -14"><span class='ocrx_word' id='word_1_191' title='bbox 303 2197 410 2236; x_wconf 86' lang='grc' dir='ltr'>των,</span> <span class='ocrx_word' id='word_1_192' title='bbox 439 2172 577 2235; x_wconf 74' lang='grc' dir='ltr'>οἶμαι,</span> <span class='ocrx_word' id='word_1_193' title='bbox 605 2178 804 2238; x_wconf 83' lang='grc' dir='ltr'>πρᾶγμα</span> <span class='ocrx_word' id='word_1_194' title='bbox 843 2173 1203 2226; x_wconf 80' lang='grc' dir='ltr'>κατασκευάσας</span> <span class='ocrx_word' id='word_1_195' title='bbox 1240 2173 1528 2224; x_wconf 82' lang='grc' dir='ltr'>ἀδικώτατον</span> <span class='ocrx_word' id='word_1_196' title='bbox 1562 2176 1635 2223; x_wconf 76' lang='grc' dir='ltr'>καὶ</span> <span class='ocrx_word' id='word_1_197' title='bbox 1671 2181 1815 2223; x_wconf 90' lang='grc' dir='ltr'>πλεο-</span> 
     </span>
    </p>

    <p class='ocr_par' dir='ltr' id='par_1_7' title="bbox 236 2256 1915 2574">
     <span class='ocr_line' id='line_1_27' title="bbox 236 2256 1822 2327; baseline -0.004 -14"><span class='ocrx_word' id='word_1_198' title='bbox 236 2274 289 2327; x_wconf 80' lang='lat'>36</span> <span class='ocrx_word' id='word_1_199' title='bbox 306 2259 654 2310; x_wconf 83' lang='grc' dir='ltr'>νεκτικώτατον.</span> <span class='ocrx_word' id='word_1_200' title='bbox 699 2257 835 2311; x_wconf 76' lang='grc' dir='ltr'>αὐτὸς</span> <span class='ocrx_word' id='word_1_201' title='bbox 862 2257 945 2322; x_wconf 77' lang='grc' dir='ltr'>μὲν</span> <span class='ocrx_word' id='word_1_202' title='bbox 966 2257 1059 2324; x_wconf 80' lang='grc' dir='ltr'>γὰρ</span> <span class='ocrx_word' id='word_1_203' title='bbox 1086 2258 1324 2324; x_wconf 87' lang='grc' dir='ltr'>μάρτυρας</span> <span class='ocrx_word' id='word_1_204' title='bbox 1350 2260 1537 2325; x_wconf 78' lang='grc' dir='ltr'>ψευδεῖς</span> <span class='ocrx_word' id='word_1_205' title='bbox 1562 2256 1822 2323; x_wconf 86' lang='grc' dir='ltr'>παρεσκεύ-</span> 
     </span>
     <span class='ocr_line' id='line_1_28' title="bbox 306 2338 1915 2407; baseline -0.001 -15"><span class='ocrx_word' id='word_1_206' title='bbox 306 2365 449 2394; x_wconf 87' lang='grc' dir='ltr'>ασται</span> <span class='ocrx_word' id='word_1_207' title='bbox 487 2343 591 2407; x_wconf 77' lang='grc' dir='ltr'>περὶ</span> <span class='ocrx_word' id='word_1_208' title='bbox 628 2340 818 2403; x_wconf 80' lang='grc' dir='ltr'>τούτων,</span> <span class='ocrx_word' id='word_1_209' title='bbox 847 2339 1150 2407; x_wconf 78' lang='grc' dir='ltr'>συγχορηγὸν</span> <span class='ocrx_word' id='word_1_210' title='bbox 1189 2340 1309 2406; x_wconf 73' lang='grc' dir='ltr'>ἔχων</span> <span class='ocrx_word' id='word_1_211' title='bbox 1342 2338 1583 2405; x_wconf 82' lang='grc' dir='ltr'>Ὀνήτορα</span> <span class='ocrx_word' id='word_1_212' title='bbox 1615 2338 1697 2388; x_wconf 80' lang='grc' dir='ltr'>τὸν</span> <span class='ocrx_word' id='word_1_213' title='bbox 1733 2361 1815 2402; x_wconf 91' lang='grc' dir='ltr'>κη-</span> <span class='ocrx_word' id='word_1_214' title='bbox 1836 2351 1915 2405; x_wconf 81' lang='lat'>853</span> 
     </span>
     <span class='ocr_line' id='line_1_29' title="bbox 307 2421 1819 2490; baseline -0.003 -15"><span class='ocrx_word' id='word_1_215' title='bbox 307 2424 480 2489; x_wconf 86' lang='grc' dir='ltr'>δεστὴν</span> <span class='ocrx_word' id='word_1_216' title='bbox 518 2426 593 2474; x_wconf 74' lang='grc' dir='ltr'>καὶ</span> <span class='ocrx_word' id='word_1_217' title='bbox 627 2424 940 2490; x_wconf 79' lang='grc' dir='ltr'>Τιμοκράτην·</span> <span class='ocrx_word' id='word_1_218' title='bbox 984 2425 1110 2487; x_wconf 78' lang='grc' dir='ltr'>ἡμεῖς</span> <span class='ocrx_word' id='word_1_219' title='bbox 1150 2425 1185 2473; x_wconf 86' lang='grc' dir='ltr'>δ’</span> <span class='ocrx_word' id='word_1_220' title='bbox 1229 2424 1331 2489; x_wconf 80' lang='grc' dir='ltr'>οὐχὶ</span> <span class='ocrx_word' id='word_1_221' title='bbox 1370 2421 1681 2487; x_wconf 73' lang='grc' dir='ltr'>Ρπροειδότες,</span> <span class='ocrx_word' id='word_1_222' title='bbox 1709 2423 1819 2471; x_wconf 86' lang='grc' dir='ltr'>ἀλλ’</span> 
     </span>
     <span class='ocr_line' id='line_1_30' title="bbox 308 2505 1821 2574; baseline -0.003 -16"><span class='ocrx_word' id='word_1_223' title='bbox 308 2508 422 2574; x_wconf 74' lang='grc' dir='ltr'>ὑπὲρ</span> <span class='ocrx_word' id='word_1_224' title='bbox 449 2509 589 2571; x_wconf 77' lang='grc' dir='ltr'>αὐτῆς</span> <span class='ocrx_word' id='word_1_225' title='bbox 629 2512 709 2572; x_wconf 78' lang='grc' dir='ltr'>τῆς</span> <span class='ocrx_word' id='word_1_226' title='bbox 748 2509 1002 2573; x_wconf 86' lang='grc' dir='ltr'>μαρτυρίας</span> <span class='ocrx_word' id='word_1_227' title='bbox 1042 2505 1289 2571; x_wconf 83' lang='grc' dir='ltr'>ἡγούμενοι</span> <span class='ocrx_word' id='word_1_228' title='bbox 1327 2505 1408 2556; x_wconf 79' lang='grc' dir='ltr'>τὸν</span> <span class='ocrx_word' id='word_1_229' title='bbox 1442 2507 1584 2570; x_wconf 80' lang='grc' dir='ltr'>ἀγῶν’</span> <span class='ocrx_word' id='word_1_230' title='bbox 1613 2506 1821 2567; x_wconf 78' lang='grc' dir='ltr'>ἔσεσθαι,</span> 
     </span>
    </p>
   </div>
   <div class='ocr_carea' id='block_1_5' title="bbox 307 2588 1823 2656">
    <p class='ocr_par' dir='ltr' id='par_1_8' title="bbox 307 2588 1823 2656">
     <span class='ocr_line' id='line_1_31' title="bbox 307 2588 1823 2656; baseline -0.003 -13"><span class='ocrx_word' id='word_1_231' title='bbox 307 2591 412 2645; x_wconf 79' lang='grc' dir='ltr'>τοῦς</span> <span class='ocrx_word' id='word_1_232' title='bbox 451 2595 556 2656; x_wconf 84' lang='grc' dir='ltr'>περὶ</span> <span class='ocrx_word' id='word_1_233' title='bbox 592 2597 685 2642; x_wconf 83' lang='grc' dir='ltr'>τῶν</span> <span class='ocrx_word' id='word_1_234' title='bbox 720 2594 768 2641; x_wconf 87' lang='grc' dir='ltr'>ἐκ</span> <span class='ocrx_word' id='word_1_235' title='bbox 806 2594 888 2654; x_wconf 82' lang='grc' dir='ltr'>τῆς</span> <span class='ocrx_word' id='word_1_236' title='bbox 926 2593 1175 2656; x_wconf 80' lang='grc' dir='ltr'>ἐπιτροπῆς</span> <span class='ocrx_word' id='word_1_237' title='bbox 1214 2588 1468 2656; x_wconf 87' lang='grc' dir='ltr'>χρημάτων</span> <span class='ocrx_word' id='word_1_238' title='bbox 1495 2589 1734 2655; x_wconf 84' lang='grc' dir='ltr'>μάρτυρας</span> <span class='ocrx_word' id='word_1_239' title='bbox 1770 2590 1823 2639; x_wconf 84' lang='grc' dir='ltr'>οὐ</span> 
     </span>
    </p>
   </div>
   <div class='ocr_carea' id='block_1_6' title="bbox 310 2731 1827 2922">
    <p class='ocr_par' dir='ltr' id='par_1_9' title="bbox 310 2731 1827 2922">
     <span class='ocr_line' id='line_1_32' title="bbox 362 2731 1827 2783; baseline -0.003 -11"><span class='ocrx_word' id='word_1_240' title='bbox 362 2735 385 2762; x_wconf 77' lang='lat' dir='ltr'>k</span> <span class='ocrx_word' id='word_1_241' title='bbox 404 2736 716 2783; x_wconf 75' lang='grc' dir='ltr'>μεμαρτυρηκότας]</span> <span class='ocrx_word' id='word_1_242' title='bbox 740 2734 976 2782; x_wconf 78' lang='grc' dir='ltr'>μεμαρτύρηκα</span> <span class='ocrx_word' id='word_1_243' title='bbox 996 2737 1049 2770; x_wconf 77' lang='lat' dir='ltr'>vel</span> <span class='ocrx_word' id='word_1_244' title='bbox 1069 2735 1325 2782; x_wconf 79' lang='grc' dir='ltr'>μεμαρτύρηκαν</span> <span class='ocrx_word' id='word_1_245' title='bbox 1345 2748 1396 2781; x_wconf 86' lang='lat' dir='ltr'>pr.</span> <span class='ocrx_word' id='word_1_246' title='bbox 1419 2735 1455 2768; x_wconf 85' lang='lat' dir='ltr'>S.</span> <span class='ocrx_word' id='word_1_247' title='bbox 1582 2731 1591 2758; x_wconf 87' lang='grc' dir='ltr'><strong>Ῑ</strong></span> <span class='ocrx_word' id='word_1_248' title='bbox 1611 2732 1704 2768; x_wconf 74' lang='grc' dir='ltr'>ταῦτ’</span> <span class='ocrx_word' id='word_1_249' title='bbox 1725 2734 1827 2767; x_wconf 77' lang='grc' dir='ltr'>αὐτὸν</span> 
     </span>
     <span class='ocr_line' id='line_1_33' title="bbox 310 2801 1821 2869; baseline -0.003 -11"><span class='ocrx_word' id='word_1_250' title='bbox 310 2827 381 2858; x_wconf 89' lang='lat' dir='ltr'><strong>A.r.</strong></span> <span class='ocrx_word' id='word_1_251' title='bbox 411 2801 535 2858; x_wconf 50' lang='grc' dir='ltr'>τῖιῖῗτον</span> <span class='ocrx_word' id='word_1_252' title='bbox 556 2825 590 2860; x_wconf 89' lang='lat' dir='ltr'>S.</span> <span class='ocrx_word' id='word_1_253' title='bbox 623 2824 822 2869; x_wconf 80' lang='lat' dir='ltr'>Legebatur</span> <span class='ocrx_word' id='word_1_254' title='bbox 840 2822 932 2857; x_wconf 80' lang='grc' dir='ltr'>τοῦτ’</span> <span class='ocrx_word' id='word_1_255' title='bbox 954 2824 1066 2857; x_wconf 83' lang='grc' dir='ltr'>αὐτόν.</span> <span class='ocrx_word' id='word_1_256' title='bbox 1152 2828 1182 2847; x_wconf 81' lang='lat' dir='ltr'>m</span> <span class='ocrx_word' id='word_1_257' title='bbox 1201 2821 1241 2856; x_wconf 84' lang='grc' dir='ltr'>ἂν</span> <span class='ocrx_word' id='word_1_258' title='bbox 1261 2823 1377 2856; x_wconf 75' lang='lat' dir='ltr'>addidi</span> <span class='ocrx_word' id='word_1_259' title='bbox 1398 2834 1438 2856; x_wconf 81' lang='lat' dir='ltr'>ex</span> <span class='ocrx_word' id='word_1_260' title='bbox 1460 2822 1575 2856; x_wconf 77' lang='lat' dir='ltr'>A.S.r.</span> <span class='ocrx_word' id='word_1_261' title='bbox 1670 2827 1689 2844; x_wconf 81' lang='lat'>¹¹</span> <span class='ocrx_word' id='word_1_262' title='bbox 1708 2818 1821 2866; x_wconf 84' lang='grc' dir='ltr'>ταῦτ’]</span> 
     </span>
     <span class='ocr_line' id='line_1_34' title="bbox 310 2873 1825 2922; baseline -0.003 -11"><span class='ocrx_word' id='word_1_263' title='bbox 310 2880 411 2911; x_wconf 86' lang='grc' dir='ltr'>τοῦτο</span> <span class='ocrx_word' id='word_1_264' title='bbox 441 2878 479 2911; x_wconf 82' lang='lat' dir='ltr'>F.</span> <span class='ocrx_word' id='word_1_265' title='bbox 604 2881 622 2901; x_wconf 91' lang='lat'><strong>⁰</strong></span> <span class='ocrx_word' id='word_1_266' title='bbox 648 2877 740 2921; x_wconf 80' lang='grc' dir='ltr'>ἡμῶν</span> <span class='ocrx_word' id='word_1_267' title='bbox 768 2887 838 2910; x_wconf 85' lang='lat' dir='ltr'>om.</span> <span class='ocrx_word' id='word_1_268' title='bbox 869 2888 897 2911; x_wconf 90' lang='lat' dir='ltr'>r.</span> <span class='ocrx_word' id='word_1_269' title='bbox 1015 2882 1034 2909; x_wconf 82' lang='lat' dir='ltr'><strong>P</strong></span> <span class='ocrx_word' id='word_1_270' title='bbox 1060 2875 1273 2922; x_wconf 83' lang='grc' dir='ltr'>προειδότες]</span> <span class='ocrx_word' id='word_1_271' title='bbox 1306 2875 1528 2921; x_wconf 84' lang='grc' dir='ltr'>προσειδότες</span> <span class='ocrx_word' id='word_1_272' title='bbox 1554 2876 1595 2909; x_wconf 83' lang='grc' dir='ltr'>Α.</span> <span class='ocrx_word' id='word_1_273' title='bbox 1629 2874 1714 2919; x_wconf 84' lang='grc' dir='ltr'>πρὸς</span> <span class='ocrx_word' id='word_1_274' title='bbox 1737 2873 1825 2907; x_wconf 84' lang='grc' dir='ltr'>εἶδό-</span> 
     </span>
    </p>
   </div>
   <div class='ocr_carea' id='block_1_7' title="bbox 311 2943 417 2966">
    <p class='ocr_par' dir='ltr' id='par_1_10' title="bbox 311 2943 417 2966">
     <span class='ocr_line' id='line_1_35' title="bbox 311 2943 417 2966; baseline 0.009 -2"><span class='ocrx_word' id='word_1_275' title='bbox 311 2945 370 2966; x_wconf 66' lang='grc' dir='ltr'>Τας</span> <span class='ocrx_word' id='word_1_276' title='bbox 389 2943 417 2965; x_wconf 76' lang='grc' dir='ltr'>Γ.</span> 
     </span>
    </p>
   </div>
  </div>
 </body>
</html>
