1965 3236
115 154 298 196 —1127,
322 160 369 188 17.
721 149 861 186 ΚΑΤΑ
895 148 1188 185 ΣΤΕΦΑΝΟΎ
1221 148 1265 184 Α.
1643 144 1754 183 1153

237 262 338 311 πῶς
389 258 614 323 ἤνεγκεν,
670 260 761 325 ἐγὼ
805 259 911 325 γὰρ,
957 263 993 309 εἰ
1044 258 1235 309 πάντων
1275 262 1369 308 τῶν
1412 257 1577 306 ἄλλων
1624 259 1803 318 ὑμῶνιε,

237 341 440 392 ε”λαττον
476 343 706 409 προσήκει
743 366 822 406 μοι
860 347 1062 410 φρονεῖν,
1101 341 1267 392 τούτου
1309 363 1362 405 γε
1403 341 1568 405 μεῖζον,
1611 338 1749 402 οἶμαι,

238 426 313 474 καὶ
352 427 502 495 τούτῳ
541 450 594 492 γε
635 431 671 477 εἰ
715 426 909 490 μηδενὸς
946 430 1041 476 τῶν
1081 424 1248 474 ἄλλων
1292 424 1501 484 ἔλαττον,
1546 425 1657 486 ἐμοῦ
1696 445 1750 488 γε

235 509 450 560 ἔλαττον·
493 510 641 560 ὄντων
667 509 758 576 γὰρ
785 511 916 573 ἡμῶν
941 509 1177 570 τοιούτων,
1205 508 1391 560 ὁποίους
1428 506 1556 559 τινὰς
1591 506 1648 556 ἂν
1674 509 1749 557 καὶ

234 593 298 643 σὺ
325 594 682 662 κατασκευάσῃς
708 598 774 663 τῷ
800 593 945 662 λόγῳ,
972 591 1036 643 σὺ
1063 596 1232 644 δοῦλος
1257 591 1399 656 ἦσθα.
1729 659 1737 665 .

142 702 216 728 ποι
309 675 449 743 Τάχα
487 677 642 727 τοίνυν
686 674 743 726 ἂν
784 676 899 729 ἴσως
934 678 1009 726 καὶ
1045 674 1184 726 τοῦτό
1219 698 1287 728 τις
1321 675 1474 724 αὐτῶν
1515 673 1647 736 ε’ίποι,
1687 676 1747 728 ὡς
1762 697 1801 717 ²0

233 758 441 827 ἀδελφὸς
483 758 547 810 ὧν
586 760 694 823 ἐμὸς
740 762 994 822 Πασικλῆς
1045 758 1176 810 οὐδὲν
1219 761 1414 824 ἐγκαλεῖ
1458 762 1551 808 τῶν
1596 759 1747 809 αὐτῶν

232 844 381 913 τούτῳ
419 844 726 910 πραγμάτων.
777 844 870 910 ἐγὼ
904 847 960 905 δ’,
988 841 1024 894 ὦ
1059 844 1220 909 ἄνδρες
1246 844 1502 906 Ἀθηναῖοι,
1533 844 1609 892 καὶ
1643 844 1747 907 περὶ

233 929 546 990 Πασικλέους,
584 930 996 995 παραιτησάμενος
1034 929 1109 977 καὶ
1145 928 1319 990 δεηθεὶς
1360 928 1487 990 ὑμῶν
1525 926 1746 991 συγγνώ-

228 1034 323 1074 μην
373 1013 507 1079 ἔχειν,
558 1017 594 1062 εἰ
643 1011 980 1078 προεληλυθὼς
1030 1014 1091 1064 εἷς
1141 1016 1279 1061 τοῦτο
1329 1008 1452 1060 ὥστε
1512 1009 1600 1060 ὑπὸ
1651 1015 1745 1060 τῶν

226 1098 427 1157 ἐμαυτοῦ
453 1096 636 1146 δούλων
670 1098 911 1161 ὑβρισθεὶς
948 1097 1001 1146 οὐ
1037 1095 1236 1158 δύναμαι
1274 1099 1541 1161 κατασχεῖν,
1569 1093 1599 1143 ἃ
1632 1094 1744 1148 τέως
1758 1115 1794 1146 ²5

227 1179 331 1229 οὐδὲ
371 1185 465 1230 τῶν
504 1180 670 1230 ἄλλων
709 1180 948 1245 λεγόντων
989 1178 1171 1229 ἀκούειν
1213 1177 1414 1240 ἐδόκουν,
1455 1179 1544 1243 ἐρῶ
1580 1180 1655 1228 καὶ
1692 1179 1744 1228 οὐ

136 1289 212 1316 102
227 1262 549 1326 σιωπήσομαι.
602 1263 693 1329 ἐγὼ
727 1263 820 1329 γὰρ
856 1262 1140 1329 ὁμομήτριον
1177 1261 1260 1324 μὲν
1295 1260 1507 1329 ἀδελφὸν
1543 1263 1744 1324 ἐμαυτοῦ

229 1347 480 1397 Πασικλέα
519 1347 699 1413 νομίζω,
734 1346 1021 1413 ὁμοπάτριον
1059 1347 1096 1396 δ’
1135 1347 1217 1396 οὐκ
1257 1344 1372 1407 οῖδα,
1409 1345 1590 1396 δέδοικα
1628 1345 1738 1408 με’ν-

225 1454 295 1481 τοι
347 1431 411 1494 μὴ
455 1436 549 1481 τῶν
595 1432 867 1498 Φορμίωνος
912 1429 1303 1496 ι“ἀμαρτημοίτων
1348 1434 1410 1482 εἰς
1456 1430 1575 1492 ἡμᾶς
1621 1428 1864 1496 ἀρχὴ1127

228 1517 480 1577 Πασικλῆς
520 1512 562 1580 ᾖ.
617 1514 730 1565 ὅταν
755 1513 848 1580 γὰρ
883 1518 950 1582 τῷ
988 1514 1143 1583 δούλῳ
1179 1515 1376 1579 συνδικῇ
1415 1512 1497 1563 τὸν
1530 1511 1742 1581 ἀδελφὸν

223 1600 416 1661 ἀτιμῶν,
469 1601 543 1648 καὶ
592 1598 978 1664 παραπεπτωκὼς
1030 1596 1241 1664 θαυμάζῃ
1300 1597 1491 1650 τούτους
1551 1597 1629 1664 ὑφ’
1676 1595 1741 1647 ὧν

223 1683 349 1750 αὐτῷ
388 1681 706 1747 θαυμάζεσθαι
743 1685 968 1748 προσῆκε,
995 1682 1077 1732 τίν’
1108 1682 1199 1748 ἔχει
1237 1682 1416 1733 δικαίαν
1454 1684 1586 1730 ταῦθ’
1617 1682 1732 1730 ὑπο-

224 1767 374 1833 ψίαν;
417 1766 552 1817 ὀίνελε
591 1767 672 1817 οὖν
709 1768 757 1816 ἐκ
799 1767 949 1830 με’σου
986 1788 1065 1829 μοι
1106 1765 1370 1826 Πασικλέα,
1414 1766 1488 1814 καὶ
1529 1763 1617 1816 σὸς
1653 1763 1767 1826 μὲνὸ

223 1850 317 1904 υίὸς
343 1853 445 1901 ἀντὶ
472 1850 706 1902 δεσπότου
733 1851 989 1913 καλείσθω,
1016 1848 1123 1914 ἐμὸς
1159 1848 1206 1899 δὲ
1233 1849 1463 1901 ἀντίδικος
1492 1848 1737 1912 (βούλεται

220 1934 333 2001 γὰρ)
363 1936 459 1985 ἀντ’
485 1937 712 2003 ἀδελφοῦ.

126 2048 201 2089 ¹03
296 2018 425 2084 Ἐγὼ
457 2018 506 2069 δὲ
541 2020 690 2088 τούτῳ
722 2018 807 2081 μὲν
843 2019 1019 2085 χαίρειν
1054 2018 1192 2084 λέγω,
1221 2017 1299 2071 οὓς
1335 2018 1372 2068 δ’
1402 2018 1427 2067 ὃ
1461 2016 1618 2082 πατήρ
1656 2040 1736 2080 μοι

217 2104 454 2169 παρέδωκε
505 2101 709 2167 βοηθοὺς
772 2106 847 2153 καὶ
898 2103 1081 2169 φίλους,
1133 2107 1194 2155 εἰς
1253 2101 1443 2153 τούτους
1500 2101 1609 2164 ἥκω,
1674 2105 1735 2154 εἷς

218 2187 348 2248 ὑμᾶς,
388 2183 424 2235 ὦ
464 2187 627 2251 ἄνδρες
665 2186 896 2237 δικασταί.
953 2187 1028 2235 καὶ
1068 2185 1228 2246 δεόμαι
1264 2186 1339 2233 καὶ
1375 2186 1614 2243 ἀντιβολῶ
1657 2185 1732 2233 καὶ

217 2268 415 2330 ἱκετεύω,
453 2268 518 2332 μὴ
559 2269 805 2334 ὑπερίδητέ
838 2292 895 2331 με
937 2270 1010 2318 καὶ
1050 2267 1133 2320 τὰς
1168 2266 1424 2332 θυγατέρας
1458 2268 1516 2315 δι’
1557 2266 1785 2316 ε”νδειανιο

215 2357 310 2405 τοῖς
349 2354 549 2416 ἐμαυτοῦ
580 2354 765 2405 δούλοις
803 2354 878 2402 καὶ
912 2356 1007 2404 τοῖς
1044 2351 1211 2401 τούτου
1247 2350 1443 2417 κόλαξιν
1480 2350 1731 2415 ἐπίχαρτον

122 2457 200 2497 104
216 2436 481 2502 γενόμενον.
542 2438 567 2487 ὁ
612 2436 720 2499 ἐμὸς
763 2438 868 2499 ὑμῖν
908 2434 1064 2500 πατὴρ
1109 2435 1264 2501 χιλίας
1303 2432 1471 2483 ε”δωκεν
1511 2433 1730 2494 ἀσπίδας,

216 2523 291 2570 καὶ
326 2527 344 2545 ¹¹
359 2519 525 2570 πολλὰ
559 2518 794 2586 χρήσιμον
821 2518 962 2570 αὑτὸν
996 2518 1222 2585 παρέσχε,
1249 2520 1323 2568 καὶ
1356 2517 1493 2568 πέντε
1532 2516 1729 2582 τριήρεις

214 2600 458 2664 ἐθελοντὴς
505 2601 687 2654 ἐπιδοὺς
731 2603 806 2652 καὶ
844 2603 953 2667 παρ’
995 2603 1135 2651 αὑτοῦ
1179 2601 1444 2667 πληρώσας
1488 2598 1777 2665 ἐτριηράρ-ι5

213 2707 334 2751 χησε
374 2684 690 2750 τριηραρχίας.
747 2686 822 2734 καὶ
864 2689 1024 2747 ταῦτα,
1065 2685 1146 2734 οὐκ
1185 2685 1391 2751 ὀφείλειν
1433 2684 1549 2744 ὑμᾶς
1591 2682 1721 2742 νομί-

212 2768 302 2832 ζων
328 2767 465 2835 χάριν
491 2769 612 2831 ἡμῖν,
639 2766 996 2831 ὑπομιμνήσκω·
1041 2768 1168 2830 ἡμεῖς
1194 2766 1287 2832 γὰρ
1319 2767 1572 2833 ὀφείλομεν
1600 2766 1720 2826 ὑμῖν·

250 2941 278 2959 ¹¹¹
299 2935 560 2981 ἁμαρτημάτων]
584 2935 794 2978 ἀδικημάτων
814 2948 924 2981 marg.
949 2937 992 2974 Q.
1107 2941 1122 2958 ¹¹
1146 2934 1277 2979 πολλὰ]
1300 2934 1413 2966 πολλὰ
1434 2933 1522 2966 ι’ίλλιι
1543 2948 1598 2978 γρ.
1622 2935 1667 2971 Q.

917 3011 936 3034 R
964 3011 981 3034 Γ
1007 3009 1024 3035 2
