1965 3236
30 165 183 216 —846‚
200 183 230 206 ⁵.
703 172 845 208 ΠΡΟΣ
879 172 1114 209 ΑΦοΒοΝ.
1582 175 1664 217 879

152 283 332 344 χωρεῖν,
365 280 551 342 ἠδίκουν
588 279 672 341 μὲν
711 281 805 330 οὐδ’
838 279 895 330 ἂν
930 284 1088 342 οὕτως,
1123 281 1181 331 τὰ
1215 288 1325 347 παρ’
1359 291 1377 317 Υ
1396 286 1501 346 ὑμῖν
1536 307 1660 349 γνω-

153 361 329 411 σθέντα
366 362 683 427 πραττόμενος
717 363 870 424 αὐτὸν,
898 364 1022 426 ὅμως
1049 368 1089 414 δ’
1118 363 1174 413 ἂν
1205 362 1301 430 εἶχέ
1329 388 1396 418 τις
1431 370 1572 416 εἰπεῖν
1605 369 1664 419 ὡς

154 445 262 493 λίαν
288 448 449 507 Ζώμῶς
482 448 555 494 καὶ
591 450 767 510 πικρῶς
801 445 913 496 ὄντα
948 450 1156 511 συγγενῆ
1189 453 1355 497 τοῦτον
1385 449 1433 498 ἐκ
1466 452 1546 511 τῆς
1580 450 1661 498 οὐ-

114 528 261 580 5σιάς
288 527 504 591 ἃάπάσης
531 528 810 591 ἐκβέβληκα.
865 535 946 579 νῦν
973 529 1019 579 δὲ
1052 530 1319 579 τούναντίον
1354 532 1496 581 ἐστίν.
1552 530 1659 581 Ῑόὗ-
1683 553 1719 573 ¹0

152 632 231 662 τος
264 609 341 672 ἐμὲ
376 615 469 660 τῶν
506 611 738 679 πατρῴων
772 612 993 662 ἁπάντων
1031 611 1149 673 μετὰ
1181 617 1275 662 τῶν
1312 613 1667 679 συνεπιτρόπων

152 693 453 759 ἀπεστέρηκε,
492 697 566 743 καὶ
606 696 732 744 οούδ’
774 697 820 745 ἐν
868 697 973 758 ὑμῖν
1012 699 1226 763 φανερῶς
1265 696 1557 763 ἐξελεγχθεὶς
1595 698 1664 747 οἵ·

152 798 250 826 εται
289 779 382 826 δεῖν
427 776 558 827 οὐδὲν
602 782 696 827 τῶν
737 779 936 843 μετρίων
977 783 1138 839 ποιεῖν,
1177 779 1308 828 ἀλλὰ
1347 780 1664 830 διασκευασά-
1725 776 1732 782 ’

152 881 291 920 μενος
316 859 402 922 τὴν
429 861 607 921 οὐσίαν,
626 863 700 910 καὶ
726 860 962 925 παραδοὺς
989 859 1073 923 τὴν
1098 860 1183 923 μὲν
1200 859 1218 886 ‘¹

1225 863 1467 913 συνοικίαν
1487 870 1502 889 ‘³
1516 865 1668 931 Αἰσίῳ

152 942 235 992 τὸν
286 944 322 991 δ’
371 942 518 1008 ἀγρὸν
561 943 798 1010 Ὀνήτορι,
843 943 962 1009 πρὸς
1009 943 1118 1006 ἱ’μὲν
1167 945 1362 997 ἐκείνους
1412 947 1543 1009 δίκην
1593 949 1720 998 καῖῐε

116 1025 388 1092 6πράγματ’
437 1027 556 1093 ἔχειν
600 1026 678 1089 ἐμὲ
723 1028 984 1091 πεποίηκεν,
1031 1029 1080 1077 ἐκ
1126 1027 1174 1078 δὲ
1218 1032 1300 1091 τῆς
1344 1030 1487 1083 οἰκίας
1532 1030 1670 1085 αὐτὸς

152 1109 211 1160 τὰ
261 1110 407 1172 σκεύη
459 1109 626 1170 λαβὼν
678 1112 753 1160 καὶ
810 1108 1112 1175 τάνδράποδα
1162 1110 1411 1178 ἐξαγαγὼν
1461 1114 1536 1162 καὶ
1590 1112 1672 1162 τὸν

152 1192 330 1244 λάκκον
387 1194 654 1261 συντρίψας
714 1195 788 1243 καὶ
847 1192 906 1243 τὰ
963 1193 1195 1259 θυρώματ’
1250 1194 1543 1248 ἀποσπάσας
1596 1200 1672 1246 καὶ

152 1276 298 1340 μόνον
332 1278 414 1327 οὐκ
449 1276 593 1340 αὐτὴν
625 1275 712 1340 τὴν
747 1278 893 1327 οὶκίαν
919 1275 1166 1342 ἐμπρήσας
1194 1277 1440 1344 Μέγαράδ’
1468 1278 1725 1347 ἐξῴκηκεπο

152 1362 284 1410 κάκεῖ
316 1361 546 1423 μετοίκιον
584 1360 794 1412 τέθεικεν.
853 1357 977 1410 ὥστε
1016 1358 1142 1410 πολὺ
1183 1358 1240 1410 ἂν
1280 1360 1563 1427 δικαιότερον
1598 1361 1673 1412 διὰ

152 1449 299 1494 ταῦτα
336 1442 395 1493 τὰ
430 1443 545 1509 ἔργα
581 1449 747 1493 τοῦτον
781 1449 801 1478 g
811 1441 1067 1506 μισήσαιτε
1103 1442 1132 1507 ὴ
1168 1444 1280 1506 ἐμοῦ
1314 1443 1418 1494 τινὰ
1443 1444 1669 1496 ὴάνεπιεί-

156 1549 281 1577 κειαν
310 1526 650 1591 ἰκαταγνοίητε.

118 1627 139 1668 7
232 1613 348 1676 Περὶ
373 1609 457 1673 μὲν
484 1611 564 1660 οὖν
589 1613 671 1673 τῆς
698 1610 1102 1678 Καῖσχροκερδειάς
1134 1615 1216 1675 τῆς
1253 1612 1418 1664 τούτου
1450 1617 1525 1665 καὶ
1559 1638 1670 1678 μια-

152 1695 255 1760 ρίας
291 1692 486 1760 ὕστερόν
520 1717 598 1757 μοι
634 1698 762 1745 δοκεῖ
793 1695 1046 1762 διεξελθεῖν
1082 1694 1200 1760 πρὸς
1233 1697 1362 1758 ὑμᾶς.
1415 1700 1489 1747 καὶ
1524 1704 1607 1749 νῦν
1632 1689 1671 1749 δ’

153 1780 214 1832 ὡς
256 1781 304 1829 ἐν
349 1779 621 1845 κεφαλαίοις
665 1777 903 1843 ἀκηκόατε·
956 1779 1063 1844 περὶ
1109 1778 1156 1828 δὲ
1203 1784 1297 1829 τῶν
1342 1778 1665 1847 1μεμαρτυρη-
1685 1804 1723 1834 25

152 1862 315 1926 μένων,
341 1864 402 1915 ὡς
428 1862 557 1912 ἔστιν
583 1864 752 1925 ἀληθῆ,
779 1864 883 1927 περὶ
910 1860 1062 1927 ὧνπερ
1089 1861 1240 1912 οἴσετε
1266 1861 1351 1926 τὴν
1377 1866 1560 1931 ψῆφον,
1582 1865 1671 1930 ἤδη

152 1944 437 2010 πειράσομαι
482 1943 717 1994 διδάσκειν
763 1946 893 2006 ὑμᾶς.
962 1944 1122 2007 δέομαι
1163 1946 1200 1995 δ’
1245 1947 1386 2009 ὑμῶν,
1425 1945 1461 1996 ὦ
1509 1948 1672 2014 ἄνδρες

154 2030 384 2089 δικασταὶ,
413 2029 590 2078 δικαίαν
623 2028 796 2092 δέησιν,
824 2029 880 2096 ἐξ
910 2028 1017 2079 ἴσου
1051 2030 1181 2092 ἡμῶν
1217 2030 1498 2097 ἀμφοτέρων
1535 2034 1671 2083 ἀκοῦ-

153 2134 250 2163 σαι.
304 2117 442 2161 τοῦτο
481 2114 521 2161 δ’
553 2113 656 2162 ἐστὶ
695 2116 768 2162 καὶ
809 2113 922 2178 ὑπὲρ
959 2114 1086 2175 ὑμῶν
1125 2114 1306 2176 ὁμοίως·
1347 2113 1448 2184 ὅσῳ
1484 2115 1577 2181 γὰρ
1613 2115 1670 2167 ἂν
1685 2128 1767 2179 846

155 2195 490 2260 ἀκριβέστερον
527 2194 585 2245 τὰ
623 2196 930 2262 πεπραγμένα
967 2195 1159 2260 μάθητε,
1196 2196 1410 2266 τοσούτῳ
1450 2201 1671 2250 δικαιοτέ-

155 2301 243 2344 ραν
278 2281 351 2328 καὶ
391 2279 691 2345 εὐορκοτέραν
723 2279 970 2343 ιηθήσεσθε
1005 2278 1120 2343 “τὴν
1152 2282 1322 2348 ψῆφον
1355 2283 1460 2346 περὶ
1498 2283 1667 2332 αὐτῶν.

120 2361 369 2430 8ἐπιδείξω
397 2361 444 2412 δὲ
471 2367 636 2413 τοῦτον
669 2364 721 2413 οὐ
753 2362 897 2426 μόνον
924 2362 1266 2428 ὡμολογηκότα
1301 2361 1414 2413 εἶναι
1450 2363 1533 2414 τὸν
1567 2369 1701 2422 Μι-5

208 2487 227 2514 Y
248 2480 342 2526 ὑμῖν]
369 2480 461 2524 ὑμῶν
480 2482 554 2515 As.
710 2488 728 2506 Ζ
753 2483 849 2526 ὠμῶς
870 2483 922 2516 καὶ
941 2482 1083 2527 πικρῶς]
1109 2483 1198 2525 ὠμὸς
1218 2484 1268 2516 καὶ
1289 2484 1406 2527 πικρός
1427 2484 1461 2516 S.
1484 2484 1544 2529 qui
1564 2484 1671 2517 inter-

154 2534 281 2580 pungit
301 2542 380 2579 post
400 2535 530 2578 πικρός.
675 2541 694 2560 ²²
710 2535 846 2579 ἁπάσης
866 2536 901 2569 in
921 2550 975 2581 γρ.
998 2536 1038 2570 F.
1080 2536 1192 2581 Super
1211 2550 1249 2579 ης
1268 2536 1399 2581 aliquid
1419 2548 1555 2570 erasum
1576 2537 1611 2570 in
1632 2537 1669 2571 S.

154 2584 175 2611 b
196 2586 311 2632 οὗτος]
336 2586 433 2621 οὗτος
453 2588 513 2630 μὲν
534 2588 572 2621 F.
697 2594 712 2613 C
732 2588 800 2622 οὐδ’
823 2588 873 2634 ἐν]
899 2589 996 2622 οὐδὲν
1015 2589 1126 2622 A.S.1‘.
1248 2586 1265 2614 ‘l
1288 2588 1459 2622 συνοικίαν
1478 2590 1551 2623 Am.
1575 2595 1609 2623 et
1629 2602 1671 2623 ex

157 2640 370 2674 correctione
390 2652 514 2674 manus
534 2640 655 2685 primm
676 2642 712 2675 S.
751 2642 950 2687 Legebatur
970 2641 1089 2677 οἰκίαν.
1198 2646 1213 2665 θ
1235 2642 1344 2688 Αἰσίῳ
1364 2642 1524 2676 Wolfius.
1561 2642 1673 2687 Lege-

157 2694 260 2726 batur
278 2691 431 2739 Ἀφόβῳ.
499 2690 513 2717 f
529 2695 590 2737 μὲν
609 2705 678 2728 om.
694 2696 768 2729 A.r.
840 2701 860 2728 g
879 2695 1062 2740 μισήσετε]
1083 2693 1267 2739 μισήσαιτε
1290 2696 1324 2728 S.
1392 2692 1412 2719 h
1431 2693 1666 2741 ἀνεπιείκειαν]

486 2755 523 2773 αν
1584 2758 1610 2775 Ol

158 2776 199 2811 ἂν
219 2777 394 2812 ἐπιείκειαν
415 2779 453 2812 F.
484 2793 659 2813 επιεικειαν
680 2781 716 2815 S.
746 2795 786 2813 αν
806 2792 826 2814 a
844 2793 891 2815 m.
914 2781 1070 2825 antiqua.
1159 2777 1168 2804 i
1189 2779 1423 2825 καταγνοίητε]
1448 2779 1672 2824 καταγνωίητε

160 2831 200 2866 F.
232 2832 443 2876 καταγνώητε
465 2832 502 2867 S.
532 2837 722 2879 καταγνῶτε
741 2834 816 2868 As.
998 2830 1016 2857 k
1042 2832 1334 2878 αι’σχροκερδείας]
1359 2832 1617 2877 αἰσχροκερδίας
1636 2832 1672 2866 S.

159 2898 169 2925 Ῑ
188 2900 507 2946 μεμαρτυρημένων]
531 2884 556 2935 ‹f›
577 2902 673 2936 addit
692 2903 733 2937 A.
764 2899 790 2937 ὦ
807 2902 925 2947 ἄνδρες
945 2903 1102 2937 δικασταί
1120 2915 1148 2937 r.
1256 2908 1285 2926 m
1307 2900 1475 2946 θήσεσθε]
1500 2899 1623 2943 θήσετε
1643 2912 1673 2935 r.

161 2959 180 2978 Π
200 2953 260 2997 τὴν
278 2953 404 2998 ψῆφον
421 2954 498 2998 περὶ
518 2953 644 3000 αὐτῶν]
668 2957 744 3001 περὶ
763 2956 873 2990 αὐτῶν
892 2956 952 2999 τὴν
971 2956 1096 3001 ψῆφον
1117 2956 1155 2989 F.

219 3027 316 3054 VOL.
342 3027 412 3054 ῘῘῙ.
919 3030 942 3054 Ρ
