1965 3236
30 161 188 215 -833,
210 179 234 201 1.
685 166 827 203 ΚΑΤΑ
860 165 1079 202 ΑΦΟΒοτ
1113 167 1155 202 Β.
1583 165 1663 205 871

151 274 297 325 εἴκοσι
324 280 442 339 μνᾶς
479 276 791 328 πεντακοσίας
829 274 1079 341 εἰσφέρειν.
1145 276 1292 325 καίτοι
1319 273 1388 323 ἕεῖ
1409 296 1453 323 τι
1487 275 1664 324 τούτων

150 357 240 421 ὶ’ἧν
265 358 448 422 ἀληθὲς,
477 358 607 408 οὐδὲν
632 356 690 407 ἂν
716 359 867 408 αὐτῶν
892 358 1123 420 ἐποίησεν,
1151 356 1282 407 ἀλλά
1308 356 1462 407 ἰπάντ’
1492 356 1549 406 ἂν
1583 358 1656 406 εὐ-

149 441 354 505 λαβήθη.
413 447 494 491 νῦν
533 440 581 491 δὲ
620 443 695 491 καὶ
734 440 1023 508 Δημοχάρης
1059 443 1133 491 καὶ
1174 443 1198 491 ὁ
1236 439 1392 506 πατὴρ
1432 443 1506 490 καὶ
1533 442 1660 490 αὐτοὶ

149 524 274 574 οῦτοι
315 525 561 592 φαίνονται
603 523 782 593 φανερὰ
823 529 1074 585 ποιοῦντες,
1122 528 1197 574 καὶ
1240 523 1403 574 οὐδένα
1452 528 1687 575 τοιοῦτον5

147 608 356 658 κίνδυνον
383 606 596 661 δεδιότες.

108 703 133 742 6
222 690 425 741 Πάντων
466 694 506 741 δ’
548 690 851 742 ἀτοπώτατόν
894 693 1011 752 ἐστι,
1057 691 1285 755 λέγοντας
1330 693 1390 742 ὡς
1436 690 1460 738 ὁ
1503 689 1658 755 πατὴρ

145 774 228 823 οὐκ
256 774 323 824 εἰἀ
348 778 552 837 μισθοῦν
577 774 659 824 τὸν
684 772 809 824 οἷκον
835 774 920 838 τὴν
945 773 1030 837 μὲν
1058 773 1282 837 διαθήκην
1306 776 1523 836 μηδαμοῦ
1548 772 1659 822 ταύ-

144 880 230 921 την
256 859 546 926 ἀποφαίνειν,
574 859 628 926 ἐξ
660 859 712 923 ἧς
746 857 805 921 ἧν
842 859 1005 908 εἰδέναι
1043 856 1272 923 τάκριβὲς,
1298 856 1582 920 τηλικαύτην
1617 856 1654 906 δ’

144 939 427 995 1(ἀνελόντας
459 943 718 1008 μαρτυρίαν
744 943 889 994 οὕτως
927 941 1107 992 οἴεσθαι
1134 939 1254 991 1δεῖν
1280 947 1309 965 ¹¹¹
1322 943 1416 1003 εἰκῆ
1455 938 1647 990 πιστεύ-
1671 967 1708 988 ¹0

142 1029 279 1076 εσθαι
318 1027 425 1090 παρ’
456 1028 574 1088 ὑμῖν.
633 1027 746 1074 ἀλλ’
774 1027 928 1092 ἐχρῆν,
955 1024 1110 1088 ἐπειδὴ
1144 1024 1327 1090 τάχιστ’
1351 1023 1654 1087 ἐτελεύτησεν

140 1109 165 1159 ὁ
206 1108 376 1175 πατὴρ,
417 1107 788 1161 εἰσκαλέσαντας
829 1108 1066 1175 μάρτυρας
1105 1107 1317 1160 πολλοὺς
1359 1107 1648 1172 παρασημή-

139 1197 313 1243 νασθαι
351 1199 572 1243 κελεῦσαι
616 1192 700 1247 τὰς
743 1192 979 1257 διαθήκας,
1023 1194 1078 1244 ἵν’
1119 1193 1161 1243 εἴ
1197 1215 1241 1242 τι
1285 1192 1519 1256 “ε’γι’γνετο
1556 1193 1646 1254 ἀμ-

139 1277 514 1345 φισβητήσιμον,
541 1276 598 1341 ἦν
631 1281 693 1331 εἰς
731 1277 790 1327 τὰ
824 1276 1079 1343 γράμματα
1116 1281 1243 1326 ταῦτ’
1271 1277 1542 1325 ἐπανελθεῖν
1576 1278 1651 1325 καὶ

102 1359 222 1424 7τὴν
248 1360 472 1424 ἀλήθειαν
497 1360 687 1411 πάντων
713 1362 871 1426 εὑρεῖν.
918 1365 998 1410 νῦν
1023 1361 1059 1409 δ’
1089 1360 1221 1425 ἕτερα
1247 1357 1331 1421 μὲν
1356 1357 1644 1423 παρασημή-
1666 1384 1700 1414 15

138 1446 311 1493 νασθαι
349 1443 574 1511 ἠξίωσαν,
601 1445 649 1493 ἐν
683 1442 749 1495 οἷς
787 1441 950 1493 πολλὰ
984 1446 1078 1492 τῶν
1104 1440 1536 1504 0καταλειπομένων
1567 1442 1649 1490 οὐκ

135 1525 412 1591 ἐγέγραπτο,
459 1525 769 1589 ὑπομνήματα
811 1526 848 1574 δ’
892 1523 964 1587 ἧν·
1006 1524 1152 1587 αὐτὴν
1192 1523 1240 1574 δὲ
1280 1523 1364 1586 τὴν
1410 1522 1647 1587 διαθήκην,

137 1609 191 1658 δι’
221 1609 276 1672 ῆς
313 1609 490 1659 τούτων
524 1607 624 1659 Ρῶν
657 1607 954 1672 ἐσημήναντο
990 1606 1280 1673 γραμμάτων
1324 1608 1398 1656 καὶ
1432 1610 1526 1655 τῶν
1561 1606 1647 1655 ἅλ-

136 1699 235 1742 λων
273 1692 524 1742 Ἷὰπάντων
562 1700 576 1717 r
595 1690 848 1759 χρημάτων
882 1692 1120 1756 ἐγίγνοντο
1161 1689 1320 1756 κύριοι,
1356 1691 1430 1739 καὶ
1463 1695 1545 1739 τοῦ
1580 1688 1698 1752 μὴιο

133 1780 337 1838 μισθοῦν
375 1776 457 1826 τὸν
483 1774 609 1826 οἶκον
641 1779 724 1839 τῆς
755 1777 900 1828 αἰτίας
938 1775 1264 1836 5οἰπελέλυντο,
1291 1773 1465 1836 ταύτην
1499 1775 1535 1823 δ’
1565 1775 1648 1824 οὐκ

133 1859 443 1922 ἐσημήναντο,
471 1861 561 1909 οὐδ’
591 1859 734 1922 αὐτὴν
762 1859 1016 1909 ἀπέδοσαν.
1059 1856 1192 1926 ἄξιόν
1217 1879 1271 1922 γε
1297 1856 1532 1908 πιστεύειν
1558 1858 1643 1907 αὐ-

133 1945 242 2002 τοῖς,
270 1940 294 1990 ὅ
321 1963 365 1990 τι
391 1938 448 1990 ἂν
472 1942 577 2007 περὶ
603 1940 779 1991 τούτων
810 1939 1034 2004 λέγωσιν.

95 2039 118 2077 8
207 2024 348 2074 Ἀλλ’
377 2023 502 2088 1ιε’γίο
538 2025 620 2074 οὐκ
658 2022 738 2073 οἶδ’
769 2023 794 2073 ὅ
820 2046 864 2074 τι
898 2028 1023 2074 τοῦτ’
1052 2023 1195 2074 ἔστιν.
1239 2024 1319 2073 οὐκ
1346 2022 1415 2073 ε’ία
1440 2027 1644 2086 μισθοῦν

133 2107 216 2158 τὸν
241 2106 366 2158 οἷκον
391 2109 483 2158 οὐδ’
513 2110 697 2176 ἐμφανῆ
724 2106 783 2158 τὰ
809 2106 1028 2174 χρήματα
1053 2111 1199 2157 ποιεῖν
1227 2108 1251 2156 ὁ
1276 2105 1449 2171 πατήρ.
1497 2106 1636 2157 πότε·
1653 2135 1690 2164 25

130 2219 214 2262 ρον
239 2204 258 2222 ¹¹
276 2198 375 2259 ἐμοὶ
409 2196 436 2259 ἦ
473 2200 530 2263 τῇ
565 2196 703 2246 πόλει
725 2219 737 2258 3
781 2204 800 2222 x
818 2197 1045 2263 φαίνεσθε
1071 2195 1164 2261 γὰρ
1203 2197 1470 2246 τούναντίον
1495 2196 1642 2262 ἐκείνῃ

129 2280 215 2343 μὲν
253 2279 436 2346 φανερὰ
473 2278 768 2343 ποιήσαντες,
793 2280 894 2341 ἐμοὶ
932 2278 979 2329 δὲ
1014 2277 1320 2329 παντάπασιν
1354 2281 1512 2345 ἀφανῆ
1550 2301 1634 2328 πε-

128 2362 384 2426 ποιηκότες,
421 2365 498 2412 καὶ
537 2361 639 2412 οὐδὲ
674 2368 821 2412 ταῦτα
855 2362 1195 2429 ἀποφαίνοντες
1232 2361 1288 2429 ἐξ
1326 2359 1388 2410 ὧν
1429 2360 1636 2424 τιμησά-

92 2468 256 2512 9μενοι
290 2444 374 2499 τὰς
411 2443 639 2513 εἰσφορὰς
676 2445 952 2513 εἰσεφέρετε.
1014 2444 1192 2512 δείξατε
1219 2443 1311 2510 γὰρ
1347 2443 1519 2507 ταύτην
1554 2442 1639 2507 τὴν
1652 2455 1732 2509 838

182 2596 203 2623 g
223 2589 303 2624 εἴτι
322 2589 466 2636 τούτων]
491 2588 619 2623 τούτων
639 2588 669 2623 εἶ’
680 2604 713 2622 τι
734 2590 772 2623 F.
910 2586 928 2612 h
949 2587 988 2631 ἧν
1007 2601 1075 2622 om.
1096 2590 1170 2623 Ax.
1306 2585 1314 2612 i
1335 2589 1430 2622 πάντ’
1452 2585 1508 2633 ἂν]
1528 2589 1637 2621 πάντα

127 2645 231 2677 ταῦτα
251 2643 292 2677 F.
421 2640 440 2666 k
462 2641 658 2687 ἀνελόντας]
682 2642 857 2677 ἀνελόντες
879 2642 913 2675 S.
932 2655 940 2676 ε
972 2642 1120 2675 alterum
1140 2642 1175 2675 in
1195 2655 1251 2686 γρ.
1386 2639 1392 2661 ¹
1414 2641 1483 2674 δεῖν
1502 2653 1573 2675 om.
1596 2641 1635 2674 F.

128 2702 159 2721 m
187 2696 256 2737 εἰκῇ
285 2707 391 2740 supra
408 2707 546 2729 versum
565 2696 670 2728 habet
685 2696 726 2728 A.
882 2701 901 2719 n
931 2694 1098 2740 ἐγίγνετο]
1132 2695 1262 2740 ἐγίνετο
1288 2694 1322 2728 S.
1362 2694 1495 2739 ἐγένετο
1514 2693 1633 2727 A.F.r.

128 2754 146 2773 0
165 2749 472 2794 καταλειπομένων]
499 2748 772 2792 καταλιπομένων
794 2748 829 2781 S.
991 2753 1010 2780 P
1031 2744 1077 2781 ὧν
1096 2747 1322 2793 ἐσημήναντο]
1348 2746 1573 2790 ἐνεσημὴνατο
1594 2745 1633 2779 F.

125 2807 145 2834 q
164 2800 337 2846 ἁπάντων]
361 2802 494 2835 πάντων
513 2802 585 2835 A.r.
731 2806 746 2824 Γ
763 2800 961 2845 χρημάτων]
984 2801 1165 2845 χρημάτων
1184 2796 1228 2833 ‹31›
1248 2800 1328 2834 F.S.
1476 2804 1489 2822 S
1509 2797 1631 2831 ἀπελέ-

125 2853 247 2898 λυντο]
270 2853 482 2887 ἀπολέλυντο
503 2854 541 2887 F.
670 2852 684 2878 ἴ
704 2853 771 2899 ἐγὼ
793 2854 828 2887 S.
859 2855 965 2899 ἔγωγε
984 2854 1102 2898 vulgo.
1231 2858 1252 2877 Π
1272 2853 1346 2896 ἐμοὶ
1368 2853 1402 2885 S.
1435 2851 1634 2895 Legebatur

126 2907 198 2950 ἐμοὶ
217 2908 333 2939 ταῦτα.
365 2909 469 2939 ταῦτα
489 2913 568 2952 post
588 2908 687 2940 πόλει
707 2906 806 2951 ponit
827 2919 853 2940 r.
938 2912 955 2930 Χ
977 2906 1143 2950 φαίνεσθε
1166 2906 1200 2938 S.
1231 2905 1396 2949 φαίνεσθε
1416 2904 1477 2947 μὲν
1496 2903 1613 2947 vulgo.

185 2981 277 3007 VOL.
298 2981 366 3006 111.
898 2981 923 3005 E
