1965 3236
297 112 408 154 1136
843 120 1270 159 ΔΗΜΟΣΘΕΝΟΎΣ
1370 115 1616 156 011.XLV.
1638 129 1678 170 p.
1702 123 1821 166 1107,
1843 126 1937 149 18—-

298 227 345 278 δὲ
372 234 496 279 τοῦτ’
525 229 636 281 αὐτὸ
663 230 716 282 τὸ
744 234 919 295 δηλοῦν
945 234 1019 282 καὶ
1047 237 1336 297 κατηγοροῦν
1364 229 1434 280 ὅτι
1459 234 1554 280 πᾶν
1579 228 1633 278 τὸ
1658 232 1813 294 πρᾶγ-

232 323 283 362 26
297 335 363 374 μα
401 313 816 365 κατεσκευάκασιν.
878 319 915 365 εἰ
953 314 1037 378 μὲν
1078 313 1169 380 γὰρ
1204 315 1319 377 ἐπῆν
1360 314 1434 364 ἐπὶ
1471 315 1552 375 τῆς
1591 310 1811 375 διαθήκης

298 402 325 424 “
347 397 600 451 Πασίωνος
626 400 701 448 καὶ
729 399 1025 465 Φορμίωνος”
1047 396 1076 461 ἢ
1099 405 1125 427 “
1141 397 1258 463 πρὸς
1281 397 1556 462 Φορμίωνα”
1579 394 1607 459 ὴ
1628 395 1809 446 τοιοῦτό
1824 413 1864 434 ²0

298 503 355 542 τι,
390 479 576 534 εἰκότως
608 480 664 531 ἂν
698 481 843 546 αὐτὴν
877 480 1025 547 ἐτήρει
1060 481 1228 550 τούτῳ·
1271 484 1307 530 εἰ
1347 481 1400 542 δ’,
1433 478 1596 545 ὥσπερ
1635 502 1811 544 μεμαρ-

296 564 505 630 τύρηκεν,
531 568 646 628 επῆν
673 572 700 594 “
721 566 916 629 διαθήκη
939 565 1232 625 Πασίωνος,”
1255 569 1355 617 πῶς
1382 565 1464 614 οὐκ
1491 563 1548 614 ἂν
1569 563 1812 630 ἀνῃρήμην

296 648 440 713 αὐτὴν
482 648 588 714 ἐγὼ,
633 649 856 703 συνειδὼς
905 649 989 713 μὲν
1030 651 1214 718 ἐμαυτῷ
1258 649 1483 711 μέλλοντι
1529 647 1810 713 δικάζεσθαι,

296 733 519 786 συνειδὼς
564 737 631 784 ‘¹3’
673 734 949 785 ὑπεναντίαν
994 734 1156 794 οὖσαν,
1202 733 1328 798 ε’ίπερ
1371 731 1429 796 ἧν
1469 731 1671 796 τοιαύτη,
1717 737 1812 785 τοῖς
1826 749 1862 778 ²5

295 818 477 886 ἐμαυτῷ
503 819 819 887 συμφέρουσι,
847 816 1138 883 κληρονόμος
1173 817 1220 868 δὲ
1260 816 1324 867 ὧν
1363 820 1438 868 καὶ
1477 818 1659 881 ταύτης,
1687 818 1813 883 ε’ίπερ

232 924 280 965 27
296 899 353 965 ἦν
379 902 552 964 τούμοῦ
576 901 768 968 πατρὸς,
796 904 870 952 καὶ
896 906 990 952 τῶν
1017 902 1182 952 ἄλλων
1208 901 1438 971 πατρῴων
1465 903 1634 964 ὁμοίως
1657 924 1668 963 ;
1709 903 1813 952 οῦκ-

296 989 376 1033 οῦν
408 987 473 1052 τῷ
510 984 800 1052 παρέχεσθαι
835 983 918 1047 μὲν
955 986 1207 1050 Φορμίωνι,
1235 986 1526 1053 Γγεγράφθαι
1562 985 1611 1036 δὲ
1648 986 1807 1036 Πασί-

295 1089 424 1128 ωνος,
464 1071 648 1117 εἰᾶσθαι
689 1068 726 1117 δ’
770 1068 847 1135 ὑφ’
886 1068 1028 1130 ἡμῶν,
1067 1068 1364 1136 ἐξελέγχεται
1403 1068 1935 1131 κατεσκευασμένηῐιοὸ

294 1149 378 1212 μὲν
404 1152 431 1214 ἡ
459 1151 670 1214 διαθήκη,
697 1150 877 1219 ψευδὴς
913 1153 949 1202 δ’
980 1152 1007 1215 ἡ
1034 1158 1116 1202 τοῦ
1156 1156 1542 1221 Κηφισοφῶντος
1567 1153 1811 1217 μαρτυρία.

295 1235 405 1284 ἀλλ’
447 1237 505 1286 ἐῶ
548 1240 929 1304 Κηφισοφῶντα·
972 1237 1075 1286 οὔτε
1115 1235 1207 1302 γὰρ
1245 1242 1326 1286 νῦν
1367 1259 1446 1299 μοι
1484 1235 1602 1301 πρὸς
1643 1234 1813 1285 ἐκεῖνόν

295 1321 438 1381 ἐστιν,
466 1321 557 1370 οὔτ’
586 1320 907 1386 ἐμαρτύρησεν
934 1322 1100 1373 ἐκεῖνος
1126 1322 1231 1385 περὶ
1258 1324 1352 1370 τῶν
1378 1322 1425 1369 ἐν
1448 1324 1547 1372 ταῖς
1575 1318 1811 1382 διαθήκαις

228 1402 490 1455 28ἐνόντων
518 1404 662 1454 οὐδέν.
720 1406 868 1454 καίτοι
902 1406 976 1454 καὶ
1004 1409 1142 1454 τοῦτο
1169 1409 1400 1465 σκοπεῖτε,
1429 1404 1547 1454 ὅσον
1573 1405 1674 1454 ἐστὶ
1702 1419 1840 1454 ‘rex—5

292 1487 472 1554 μήριον,
500 1486 536 1538 ὠ
562 1489 725 1554 ἄνδρες
754 1492 1011 1552 Ἀθηναῖοι,
1037 1494 1119 1538 τοῦ
1146 1488 1337 1541 τούτους
1373 1487 1432 1538 τὰ
1458 1490 1610 1555 ψευδῆ
1637 1511 1812 1554 μεμαρ-

293 1595 547 1638 τυρηκεναι.
610 1577 645 1623 εἰ
691 1572 784 1638 γὰρ
829 1575 853 1624 ὁ
898 1597 983 1636 μεν
1030 1572 1167 1626 αὐτος
1218 1573 1337 1639 ε’χειν
1389 1596 1442 1622 το
1494 1576 1814 1638 γραμματεῖον

291 1680 540 1723 μαρτυρων
587 1658 668 1707 οὐκ
706 1657 971 1722 ἐτόλμησεν
1011 1658 1282 1725 ἀντίγραφα
1329 1655 1456 1719 εἶναι,
1495 1654 1525 1706 ἃ
1566 1657 1813 1723 παρείχετο

293 1742 528 1806 Φορμίων,
568 1745 661 1790 τῶν
700 1742 808 1807 παρ’
844 1742 970 1809 αὑτῳ
1010 1763 1322 1805 μαρτυρήσαι,
1363 1740 1489 1789 οῦτοι
1534 1739 1580 1789 δε
1619 1740 1722 1789 οὔτε
1760 1739 1817 1807 ἐξ

292 1826 438 1891 ἀρχῆς
478 1826 539 1878 ὡς
577 1827 802 1890 παρῆσαν
842 1825 988 1891 ἔχοιεν
1025 1822 1080 1873 ἂν
1120 1828 1274 1884 εἰπεῖν,
1303 1825 1405 1874 οὕτε
1446 1822 1660 1889 ἀνοιχθὲν
1691 1821 1865 1873 εἶδονῐῡ

290 1907 408 1973 πρὸς
446 1911 512 1976 τῷ
545 1910 756 1974 διαιτητῇ
795 1906 848 1957 τὸ
884 1911 1216 1974 γραμματεῖον,
1245 1906 1374 1957 ἀλλὰ
1402 1909 1476 1956 καὶ
1507 1906 1806 1972 μεμαρτυρή-

291 2014 432 2042 κασιν
458 1992 587 2042 αὐτοὶ
622 1991 686 2055 μὴ
713 1992 886 2042 ἐθέλειν
922 1991 998 2054 ἐμὲ
1032 1992 1247 2055 ἀνοίγειν,
1274 1996 1422 2040 ταῦτα
1456 1992 1517 2043 ὡς
1543 1990 1813 2056 ἀντίγραφά

291 2077 422 2125 ἐστιν
460 2076 643 2126 ἐκείνων
681 2075 1098 2140 μεμαρτυρηκότες,
1138 2075 1215 2124 Ξτί
1251 2075 1377 2124 ἄλλο
1415 2072 1443 2137 ἢ
1480 2078 1623 2140 σφῶν
1659 2074 1812 2124 αὐτῶν

291 2158 539 2224 κατήγοροι
567 2157 836 2224 γεγόνασιν,
864 2159 933 2208 ὅτι
960 2158 1249 2226 ψεύδονται·
1239 2200 1250 2220 ,
1826 2180 1859 2209 ¹5

227 2263 276 2303 29
357 2240 467 2293 ’Έτι
505 2244 674 2302 τοίνυν,
701 2241 738 2292 ὦ
763 2243 925 2308 ἄνδρες
954 2246 1208 2305 Ἀθηναῖοι,
1237 2243 1299 2294 ὡς
1332 2242 1597 2307 γέγραπταί
1630 2264 1696 2294 τις
1731 2240 1810 2291 ῗᾶν

289 2326 516 2394 ἐξετάσας
566 2326 650 2389 τὴν
701 2327 961 2391 μαρτυρίαν
1006 2327 1140 2390 γνοίη
1183 2329 1428 2378 παντελῶς
1480 2330 1618 2374 τοῦτο
1661 2347 1809 2387 μεμη-

288 2410 574 2476 χανημένους
600 2410 778 2470 αὐτοῦς,
806 2409 931 2462 ὅπως
959 2410 1143 2462 δικαίως
1171 2411 1245 2458 καὶ
1272 2409 1439 2460 ἀδίκως
1465 2415 1486 2433 “
1503 2406 1628 2475 δόξει
1661 2413 1809 2457 ταῦτα

290 2494 314 2541 ὁ
348 2491 504 2557 πατὴρ
531 2491 672 2553 οὑμὸς
699 2492 958 2543 διαθέσθαι.
1014 2491 1135 2551 λαβὲ
1169 2495 1209 2541 δ’
1237 2491 1380 2555 αὐτὴν
1415 2491 1500 2555 τὴν
1533 2491 1806 2557 μαρτυρίαν,

290 2578 364 2625 καὶ
392 2575 493 2639 λέγ’
520 2575 731 2641 ἐπισχὼν
758 2575 811 2624 οῦ
837 2582 853 2600 ³
871 2575 928 2624 ὀίν
954 2597 1011 2624 σε
1040 2574 1226 2636 κελεύω,
1252 2575 1305 2624 ἵν’
1335 2575 1392 2642 ἐξ
1414 2575 1555 2637 αὐτῆς
1580 2574 1786 2625 δεικνύω.
1820 2595 1860 2616 20

342 2776 361 2802 q
383 2769 410 2803 δ’
433 2769 630 2803 ὑπεναντίαν
651 2768 685 2813 0]
711 2768 785 2801 Has
806 2769 923 2802 literas
944 2770 978 2801 in
1000 2769 1103 2802 litura
1119 2769 1223 2802 habet
1247 2769 1281 2802 S.
1424 2775 1438 2792 Γ
1457 2768 1668 2814 γεγράφθαι]
1694 2769 1805 2814 ἐπιγε-

287 2823 439 2868 γράφθαι
462 2822 635 2856 Reiskius.
773 2826 786 2845 S
816 2820 851 2855 τί
869 2822 956 2855 ἄλλο
976 2837 1031 2866 γρ.
1056 2822 1099 2860 Q
1140 2823 1173 2854 τί
1193 2822 1300 2855 ι’ίλλον
1321 2822 1355 2854 S.
1391 2822 1490 2855 τίνων
1509 2821 1626 2854 ἄλλων
1646 2822 1751 2866 vulgo
1772 2828 1806 2855 et

288 2881 465 2909 correctus
488 2876 523 2909 S.
602 2874 615 2898 t
636 2873 676 2907 ἂν
695 2874 878 2920 ἐξετάσας]
903 2874 1107 2918 ιῖνεξετάσας
1130 2876 1166 2909 F.
1249 2881 1268 2898 Η
1290 2874 1397 2918 δόξει]
1423 2875 1503 2918 δόξῃ
1527 2875 1563 2908 F.
1596 2890 1613 2916 η
1634 2886 1804 2919 superser.

286 2929 321 2961 ἰιι
345 2929 381 2961 S.
517 2935 532 2949 λ
555 2928 595 2960 ἰίν
615 2940 684 2961 om.
708 2942 762 2972 γρ.
787 2927 832 2965 Q.
