1965 3236
256 169 366 208 1034
740 169 1167 206 ΔΗΜΟΣΘΕΝΟΎΣ
1229 166 1311 204 On.
1332 163 1573 203 XXXIX.
1596 175 1638 215 p.
1660 171 1781 211 1003,
1800 174 1891 197 10-

250 279 406 341 μόνον,
454 279 584 329 ἀλλὰ
631 282 704 329 καὶ
755 283 821 346 τῷ
873 279 1032 347 δικαίῳ
1075 281 1331 342 πρεσβεῖον
1382 276 1524 342 ἔχοιμ’
1574 273 1630 324 ἂν
1679 271 1824 337 ἐγώιο

182 382 233 423 33
250 363 454 425 τοῦνομα
491 364 611 412 τοῦτ’
647 361 846 415 εἰκότως.
902 359 1005 412 εἶεν.
1061 365 1099 411 εἰ
1138 360 1191 411 δέ
1221 359 1325 413 Ιςτίς
1365 361 1410 409 σ’
1448 359 1597 424 ἔροιτο
1634 356 1778 407 “εἰπέ

250 452 275 473 “
301 468 395 508 μοι,
435 445 624 507 Βοιωτὲ,
662 445 808 496 πόθεν
848 450 930 495 νῦν
968 443 1337 506 1Ἀκαμαντίδος
1380 446 1536 511 φυλῆς
1575 439 1772 507 γέγονας

250 534 274 555 “
302 531 377 577 καὶ
411 532 548 578 ΠῙτῶν
584 528 745 591 δήμων
779 529 1029 593 ιῙΘορίκιος
1069 530 1144 577 καὶ
1176 527 1301 580 Ουίὸς
1340 527 1570 585 Μαντίου,
1606 526 1682 574 καὶ
1719 522 1773 573 τὸ

250 618 276 640 “
301 611 440 676 με’ρος
475 617 569 661 τῶν
606 613 678 662 ὑπ’
709 612 881 662 ἐκείνου
917 612 1329 678 καταλειφθέντων
1364 611 1519 677 ἐ’χεις,”
1549 607 1680 659 οὐδὲν
1715 607 1773 657 ἂν

249 693 360 743 ἄλλ’
398 694 520 760 ε”χοις
559 698 700 744 εἰπεῖν
738 693 868 757 πλὴν
907 693 977 743 ὅτι
1015 692 1165 755 ρκοίμοὲ
1204 692 1294 758 ζῶν
1331 691 1587 755 ἐποιήσατο
1624 694 1765 740 Μαν-
1788 707 1822 737 ¹5

248 778 361 828 τίας.
410 777 460 826 τί
483 775 744 841 τεκμήριον,
766 776 808 825 εἴ
828 777 897 828 τίς
924 785 1008 824 (ὶσε
1035 775 1196 840 ἔροιτο,
1224 773 1253 838 ἢ
1280 773 1534 840 μαρτύριόν
1563 774 1670 823 ἐστί
1692 794 1773 821 σοι

250 860 446 918 τούτους
501 863 562 911 εἰς
605 858 712 912 τοὺς
758 857 995 926 φράτεράς
1041 865 1120 921 Υμε
1169 856 1407 922 εἰσήγαγε,
1448 856 1649 924 φήσειας
1695 855 1768 904 ἄν.

250 944 298 992 τί
338 943 420 992 οὖν
465 965 523 992 σε
568 942 828 1009 ἐνέγραψεν
867 941 1029 1004 ὄνομα,
1068 941 1110 990 εἰ’
1149 963 1220 994 τις
1263 941 1425 1006 ἔροιτο,
1466 937 1675 989 Βοιωτὸν
1716 936 1773 988 ἂν

182 1025 404 1089 34εἵποις·
457 1031 596 1075 τοῦτο
639 1024 731 1090 γὰρ
774 1023 1011 1091 εἰσήχθης.
1075 1025 1241 1074 οὐκοῦν
1287 1024 1434 1074 δεινὸν
1478 1026 1515 1072 εἰ
1559 1025 1642 1086 τῆς
1689 1021 1772 1084 μὲν
1787 1043 1826 1065 20

250 1107 434 1161 πόλεως
469 1109 544 1158 καὶ
579 1113 673 1158 τῶν
709 1109 781 1158 ὑπ’
811 1109 982 1159 ἐκείνου
1017 1106 1426 1176 καταλειφθέντων
1461 1105 1536 1156 διὰ
1569 1107 1775 1168 τοῦνομα

250 1197 388 1241 τοῦτο
426 1191 620 1253 με’τεστί
655 1213 750 1253 σοι,
782 1196 920 1241 τοῦτο
955 1191 992 1240 δ’
1028 1191 1175 1258 ἀξιοῖς
1212 1192 1346 1258 ἀφεὶς
1381 1190 1536 1255 ἕτερον
1573 1189 1771 1251 μεταθέ-

251 1278 366 1324 σθαι
404 1278 582 1342 σαυτῷ.
642 1273 760 1340 φέρ’,
794 1274 836 1324 εἵ
870 1296 927 1324 σε
968 1275 992 1324 ὁ
1027 1273 1184 1339 πατὴρ
1218 1273 1463 1341 ἀξιώσειεν
1500 1271 1711 1325 ἀναστὰς
1745 1271 1774 1335 ἢ

250 1357 401 1419 μένειν
448 1358 518 1424 ἐφ’
565 1357 618 1406 οῦ
669 1379 725 1406 σε
777 1356 914 1410 αὐτὸς
966 1356 1221 1419 ἐποιήσατο
1267 1355 1494 1419 ὀνόματος
1538 1354 1567 1418 ἢ
1610 1355 1772 1420 πατέρ’
1789 1376 1826 1407 25

252 1441 407 1490 ἄλλον
446 1446 625 1491 σαυτοῦ
666 1440 870 1508 φάσκειν
909 1439 1034 1502 εἶναι,
1076 1438 1146 1505 ἆρ’
1189 1442 1269 1490 οὐκ
1310 1439 1367 1490 ἂν
1411 1440 1574 1505 με’τρια
1613 1439 1775 1507 ἀξιοῦν

252 1523 443 1586 δοκοίη,
501 1523 680 1572 Ξταῦτα
719 1523 874 1573 τοίνυν
912 1523 1089 1572 ῒταῦτα
1127 1522 1218 1587 ἐγώ
1259 1545 1316 1572 σε
1358 1522 1488 1590 ἀξιῶ,
1528 1520 1557 1584 ἢ
1597 1520 1775 1586 πατρὸς

253 1605 408 1654 ἄλλου
445 1604 660 1655 “σαυτὸν
697 1604 1041 1672 παραγράφειν,
1078 1605 1107 1669 ἢ
1143 1607 1348 1667 τοῦνομα
1387 1605 1506 1671 ἔχειν
1545 1603 1569 1654 ὃ
1608 1606 1776 1657 ἐκεῖνος

185 1703 236 1743 35
253 1687 397 1737 ἔδωκε’
434 1710 528 1738 σοι.
592 1687 646 1751 νὴ
687 1690 785 1749 Δί’,
828 1691 939 1738 ἀλλ’
980 1690 1111 1754 ὕβρει
1156 1692 1231 1738 καὶ
1276 1688 1463 1755 ἐπηρείᾳ
1505 1689 1594 1737 τινὶ
1638 1692 1776 1737 τοῦτο

252 1770 384 1834 ἐτέθη
415 1793 511 1820 σοι.
568 1770 699 1820 ἀλλὰ
733 1770 968 1824 πολλάκις
1003 1770 1102 1833 μὲν,
1130 1771 1193 1821 ὅτ’
1224 1773 1305 1821 οὐκ
1333 1773 1528 1822 ἐποιεῖτο
1561 1772 1585 1820 ὁ
1618 1769 1775 1835 πατὴρ
1793 1791 1901 1829 1004

253 1852 457 1915 τούτους,
485 1854 649 1918 ἔλεγον
675 1854 801 1904 οῦτοι
828 1857 889 1906 ὡς
916 1853 1047 1904 οὐδὲν
1073 1855 1254 1920 χείρους
1280 1856 1399 1904 εἰσὶν
1426 1858 1467 1903 οἱ
1494 1856 1575 1916 τῆς
1601 1853 1777 1918 μητρὸς

253 1939 336 1998 τῆς
368 1936 534 1986 τούτου
570 1941 813 2001 συγγενεῖς
843 1941 938 1986 τῶν
971 1942 1054 1987 τοῦ
1089 1936 1267 2002 πατρὸς·
1301 1943 1383 1987 τοῦ
1419 1939 1544 1999 ἐμοῦ.
1600 1937 1703 1986 ε”στι
1735 1938 1773 1986 δ’

255 2019 279 2066 ὁ
313 2017 515 2071 Βοιωτὸς
549 2020 759 2086 ἀδελφοῦ
796 2022 878 2081 τῆς
910 2020 1077 2070 τούτου
1112 2018 1287 2084 μητρὸς
1324 2020 1485 2082 ὄνομα.
1544 2018 1698 2083 ἐπειδὴ
1731 2021 1803 2069 δ’5

256 2100 463 2164 εἰσάγειν
516 2103 539 2150 ὁ
593 2101 748 2166 πατὴρ
798 2101 988 2155 τούτους
1039 2103 1336 2168 ἠναγκάζετο,
1383 2105 1494 2165 ἐμοῦ
1543 2125 1770 2167 προειση-

255 2184 428 2247 γμένου
452 2185 732 2245 Μαντιθέου,
755 2186 875 2234 οὕτω
902 2190 1068 2234 τοῦτον
1088 2184 1268 2249 εἰσάγει
1290 2185 1510 2246 Βοιωτὸν,
1531 2185 1612 2235 τὸν
1639 2187 1776 2235 ἀδελ-

189 2280 241 2330 36
257 2265 350 2332 φὸν
377 2268 418 2314 δ’
447 2267 588 2316 αὐτοῦ
617 2266 895 2333 Πάμφιλον.
946 2269 1041 2317 ἐπεὶ
1069 2267 1132 2317 σὺ
1160 2268 1326 2335 δεῖξον,
1353 2268 1484 2321 ὅστις
1511 2270 1776 2331 Ἀθηναίων

256 2349 425 2399 ταύτὸν
457 2349 604 2410 ὄνομα
639 2355 733 2402 τοῖς
768 2352 909 2400 αὑτοῦ
945 2355 1111 2402 παισὶν
1146 2352 1274 2401 ἔθετο
1307 2354 1446 2401 δυοῖν·
1488 2350 1573 2401 κᾶν
1608 2351 1773 2418 δείξῃς,

256 2430 346 2494 ἐγὼ
369 2432 673 2498 συγχωρήσω
697 2434 750 2482 δι’
769 2431 984 2497 ἐπήρειάν
1004 2457 1083 2484 σοι
1109 2440 1246 2484 τοῦτο
1273 2436 1478 2496 τοῦνομα
1499 2434 1664 2484 θέσθαι
1691 2433 1773 2484 τὸν
1791 2457 1828 2477 ιο

314 2599 330 2624 k
358 2600 406 2635 τίς
429 2599 461 2633 σ’
481 2610 535 2642 (σε
560 2602 610 2643 S.)
632 2602 760 2646 ἔροιτο]
791 2600 824 2634 σ’
843 2603 954 2645 ἔροιτό
975 2617 1024 2636 τις
1045 2603 1084 2637 F.
1130 2604 1234 2647 Apud
1255 2604 1443 2637 Aristidem
1467 2605 1502 2637 iu
1523 2604 1646 2638 u⁷alzii
1668 2605 1774 2639 Rhet.

258 2654 324 2686 vol.
344 2664 380 2699 9.
401 2666 436 2698 p.
453 2652 542 2699 389,
559 2663 592 2698 5.
614 2668 665 2688 τις
684 2654 795 2697 ἔροιτό
815 2667 866 2686 σε.
962 2652 971 2678 l
991 2654 1232 2698 Ἀκαμαντίδος
1253 2656 1384 2701 φυλῆς]
1411 2657 1446 2690 ἐν
1465 2656 1661 2699 ἀκαμαντίδι
1681 2659 1775 2701 φυλῇ

260 2705 346 2743 RQ.
478 2711 506 2729 [Π
527 2709 593 2738 τῶν
613 2706 725 2748 δήμων
747 2706 782 2740 S.
814 2709 880 2739 τῶν
900 2706 1054 2749 δημοτῶν
1075 2708 1120 2746 Q.
1151 2710 1218 2741 τῶν
1237 2709 1398 2752 δημωτῶν
1419 2710 1457 2743 F.
1498 2709 1698 2754 Legebatur
1716 2711 1776 2743 τὸν

259 2784 376 2825 δῆμον.
469 2789 487 2806 n
510 2783 683 2827 Θορίκιος]
707 2783 871 2828 θεορίκιος
891 2787 932 2818 Α.
1019 2790 1036 2809 0
1057 2785 1143 2831 υἱὸς]
1170 2771 1226 2820 ὑεῖς
1247 2787 1283 2821 S.
1316 2802 1326 2820 ι
1346 2799 1365 2820 a
1384 2799 1431 2821 m.
1451 2799 1504 2832 pr.
1528 2788 1774 2832 superscripto.

261 2841 278 2867 P
300 2836 379 2877 κάμέ
401 2835 519 2870 Α.Β.ι·.
538 2841 571 2869 et
592 2836 774 2870 Aristides.
805 2838 857 2869 καὶ
878 2838 934 2880 ἐμὲ
954 2839 1070 2882 vulgo.
1151 2844 1169 2871 q
1191 2853 1231 2872 σε
1251 2851 1322 2874 om.
1340 2840 1414 2874 As.
1501 2845 1515 2863 ¹·
1533 2854 1574 2882 με
1595 2840 1773 2885 εῖσὴγαγε]

261 2888 422 2932 εἷσὴγαγέ
440 2902 479 2930 με
502 2888 546 2926 Q.
652 2893 665 2911 Ξ
685 2888 807 2934 ταύτὰ]
831 2890 872 2921 τὰ
893 2890 976 2923 αὐτὰ
997 2892 1036 2924 Α.
1138 2892 1149 2915 t
1171 2894 1275 2925 ταῦτα
1296 2898 1375 2937 post
1396 2893 1499 2926 ταύτὰ
1520 2892 1619 2937 ponit
1641 2893 1675 2926 S.
1697 2898 1777 2937 post

262 2954 300 2972 σε
323 2940 410 2978 ΕΩ.
524 2947 543 2964 ¹1
565 2940 708 2985 σαυτὸν]
736 2942 880 2974 σεαυτὸν
902 2942 934 2974 S.
